%% This BibTeX bibliography file was created using BibDesk.
%% http://bibdesk.sourceforge.net/


%% Created for Tony Yue YU at 2014-07-17 17:59:03 +0200 


%% Saved with string encoding Unicode (UTF-8)

@unpublished{vezzosi2013autour,
		author={Vezzosi, Gabriele and Belmans, Pieter and Le Grignou, Brice and Melani, Valerio and Porta, Mauro and Robalo, Marco
			and Vertechi, Pietro and Zhao, Yan},
    title={{A}utour de la {G}\'eom\'etrie {A}lg\'ebrique {D}\'eriv\'ee},
    url={http://www.dma.unifi.it/~vezzosi/seminar/notes.pdf}}



@article{schwede2003equivalences,
  title={Equivalences of monoidal model categories},
  author={Schwede, Stefan and Shipley, Brooke},
  journal={Algebraic \& Geometric Topology},
  volume={3},
  number={1},
  pages={287--334},
  year={2003},
  publisher={Mathematical Sciences Publishers}
}


@article{gillam2013simplicial,
  title={{S}implicial {M}ethods {I}n {A}lgebra {A}nd {A}lgebraic {G}eometry},
  author={Gillam, W D}
}

@unpublished{Mauro_Exercises,
    title={Exercises},
    author={Porta, Mauro},
    year={2016},
    url={https://github.com/mauroporta/DAG_seminar_UPenn_2016}
}

@article{Verdier_Triangulated_categories,
	title={Des cat{\'e}gories d{\'e}riv{\'e}es des cat{\'e}gories ab{\'e}liennes},
	author={Verdier, Jean-Louis},
	journal={Ast{\'e}risque},
	year={1996},
	publisher={Soci{\'e}t{\'e} math{\'e}matique de France}
}

@unpublished{Lurie_SAG,
	Author = {Lurie, Jacob},
	Title = {{S}pectral {A}lgebraic {G}eometry},
	Year = {2016},
	note = {Preprint},
	url = {http://www.math.harvard.edu/~lurie/papers/SAG-rootfile.pdf}}

@book{Kemper_2011,
	author = {Kemper, Gregor},
	title = {A course in commutative algebra},
	publisher = {Springer Verlag},
	year = {2011}
}

@article {Hall_Rydh_2016,
	AUTHOR = {Hall, Jack and Rydh, David},
	TITLE = {Mayer-Vietoris squares in algebraic geometry},
	JOURNAL = {{arXiv: 1606.08517}},
	YEAR = {June 2016},
	PAGES = {1--26}
	}

@article {Cliff_Thesis_2015,
	AUTHOR = {Emily Cliff},
	TITLE = {{Universal D-modules, and factorisation structures on Hilbert schemes of points}},
	JOURNAL = {{PhD Thesis, University of Oxford}},
	YEAR = {2015},
	PAGES = {1--171}
}

@article {Bosch_Gortz_Coherent_modules_1998,
	AUTHOR = {Bosch, Siegfried and G{\"o}rtz, Ulrich},
	TITLE = {Coherent modules and their descent on relative rigid spaces},
	JOURNAL = {J. Reine Angew. Math.},
	FJOURNAL = {Journal f\"ur die Reine und Angewandte Mathematik},
	VOLUME = {495},
	YEAR = {1998},
	PAGES = {119--134},
	ISSN = {0075-4102},
	CODEN = {JRMAA8},
	MRCLASS = {14G20 (13J10 14A20 32P05)},
	MRNUMBER = {1603849},
	MRREVIEWER = {Reinhold H{\"u}bl},
	DOI = {10.1515/crll.1998.014},
	URL = {http://dx.doi.org/10.1515/crll.1998.014},
}


@article {Neeman_Connection_K_theory_localization,
	AUTHOR = {Neeman, Amnon},
	TITLE = {The connection between the {$K$}-theory localization theorem
	of {T}homason, {T}robaugh and {Y}ao and the smashing
	subcategories of {B}ousfield and {R}avenel},
	JOURNAL = {Ann. Sci. \'Ecole Norm. Sup. (4)},
	FJOURNAL = {Annales Scientifiques de l'\'Ecole Normale Sup\'erieure.
	Quatri\`eme S\'erie},
	VOLUME = {25},
	YEAR = {1992},
	NUMBER = {5},
	PAGES = {547--566},
	ISSN = {0012-9593},
	CODEN = {ASENAH},
	MRCLASS = {18E30 (19D10 19E08)},
	MRNUMBER = {1191736},
	MRREVIEWER = {Steven E. Landsburg},
	URL = {http://www.numdam.org/item?id=ASENS_1992_4_25_5_547_0},
}

@incollection {Thomason_Trobaugh_Algebraic_K_theory_1990,
	AUTHOR = {Thomason, R. W. and Trobaugh, Thomas},
	TITLE = {Higher algebraic {$K$}-theory of schemes and of derived
	categories},
	BOOKTITLE = {The {G}rothendieck {F}estschrift, {V}ol.\ {III}},
	SERIES = {Progr. Math.},
	VOLUME = {88},
	PAGES = {247--435},
	PUBLISHER = {Birkh\"auser Boston, Boston, MA},
	YEAR = {1990},
	MRCLASS = {19E08 (14C35 19D10)},
	MRNUMBER = {1106918},
	MRREVIEWER = {Charles Weibel},
	DOI = {10.1007/978-0-8176-4576-2_10},
	URL = {http://dx.doi.org/10.1007/978-0-8176-4576-2_10},
}

@article{Groechenig_Adelic_2015,
	title={Adelic Descent Theory},
	author={Groechenig, Michael},
	journal={arXiv preprint arXiv:1511.06271},
	year={2015}
}

@article{Beauville-Laszlo,
  author = {Beauville, Arnaud and Laszlo, Yves},
  title = {Un lemme de descente},
  year = {1995},
  journal = {C. R. Acad. Sci. Paris S\'er. I Math.},
  number = {3},
  volume = {320},
  pages = {335--340},
}

@article{MB,
  author = {Moret-Bailly, Laurent},
  title = {Un probl\`eme de descente},
  year = {1996},
  url = {http://www.numdam.org/item?id=BSMF_1996__124_4_559_0},
  journal = {Bull. Soc. Math. France},
  number = {4},
  volume = {124},
  pages = {559--585},
}

@article{Ferrand-Raynaud,
  author = {Ferrand, Daniel and Raynaud, Michel},
  title = {Fibres formelles d'un anneau local noeth\'erien},
  year = {1970},
  issn = {0012-9593},
  journal = {Ann. Sci. \'Ecole Norm. Sup. (4)},
  volume = {3},
  pages = {295--311},
}

@article{ArtinII,
  author = {Artin, Michael},
  title = {Algebraization of formal moduli: {II} -- Existence of modifications},
  year = {1970},
  journal = {Annals of Mathematics},
  volume = {91},
  pages = {88--135},
}

@book{Weil_Adeles_1982,
	author = {Weil, Andr\'e},
	title = {Ad\`eles and Algebraic Groups},
	publisher = {Birk\"auser},
	year = {1982}
}

@book{Sernesi_Deformation_2006,
	author = {Sernesi, Edoardo},
	title = {Deformations of algebraic schemes},
	publisher = {Springer Verlag},
	year = {2006}
}

@book{Beilinson_Drinfeld_Chiral_2004,
	author = {Beilinson, Alexander and Drinfeld, Vladimir},
	title = {Chiral algebras},
	publisher = {AMS},
	year = {2004}
}

@article{Gaitsgory_Contractibility_2011,
	author = {Gaitsgory, Dennis},
	title = {The contractibility of the space of rational maps},
	journal = {arXiv preprint arXiv:1108.1741},
	year = {2011}
}

@incollection{Kleiman_Picard_2005,
	author = {Kleiman, Steven},
	title = {The Picard scheme},
	booktitle = {Fundamental algebraic geometry},
	series = {Mathematical Surveys Monographs},
	publisher = {AMS},
	volume = {123},
	pages = {235-321}
}

@book{Markl_Shnider_Stasheff_Operads_2002,
	author = {Markl, M. and Shnider, S. and Stasheff, J.},
	title = {Operads in algebra, topology and physics},
	publisher = {AMS},
	series = {Mathematical Surveys Monographs},
	publisher = {AMS},
	volume = {96}
}

@article {Robalo_Homotopy_noncommutative_spaces,
	AUTHOR = {Robalo, Marco},
	TITLE = {{$K$}-theory and the bridge from motives to noncommutative motives},
	JOURNAL = {Adv. Math.},
	FJOURNAL = {Advances in Mathematics},
	VOLUME = {269},
	YEAR = {2015},
	PAGES = {399--550},
	ISSN = {0001-8708},
	MRCLASS = {14F42 (14A22 18D10 19E15)},
	MRNUMBER = {3281141},
	MRREVIEWER = {Jens Hornbostel},
	DOI = {10.1016/j.aim.2014.10.011},
	URL = {http://dx.doi.org/10.1016/j.aim.2014.10.011},
}

@unpublished{Robalo_Thesis,
	Author = {Robalo, Marco},
	Title = {Homotopy theory of noncommutative spaces},
	Year = {2014},
	note = {Preprint},
	url = {https://webusers.imj-prg.fr/~marco.robalo/these.pdf}}

@unpublished{Faonte_Hennion_Kapranov,
	Author = {Giovanni Faonte and Benjamin Hennion and Mikhail Kapranov},
	Title = {Higher {K}ac-{M}oody algebras and the derived moduli space of {G}-bundles},
	Year = {2016},
	note = {in preparation}}

@book {Gabriel_Zisman_Calculus_of_fractions,
	AUTHOR = {Gabriel, P. and Zisman, M.},
	TITLE = {Calculus of fractions and homotopy theory},
	SERIES = {Ergebnisse der Mathematik und ihrer Grenzgebiete, Band 35},
	PUBLISHER = {Springer-Verlag New York, Inc., New York},
	YEAR = {1967},
	PAGES = {x+168},
	MRCLASS = {55.40 (18.00)},
	MRNUMBER = {0210125},
	MRREVIEWER = {A. K. Bousfield}
}

@article{Mazel-Gee_Hammocks,
	title={Hammocks and fractions in relative $\infty$-categories},
	author={Mazel-Gee, Aaron},
	journal={arXiv preprint arXiv:1510.03961},
	year={2015}
}

@article{Gepner_lax_colimits_2015,
	title={Lax colimits and free fibrations in $\infty$-categories},
	author={Gepner, David and Haugseng, Rune and Nikolaus, Thomas},
	journal={arXiv preprint arXiv:1501.02161},
	year={2015}
}

@book {Matsumura_Commutative_ring,
	AUTHOR = {Matsumura, Hideyuki},
	TITLE = {Commutative ring theory},
	SERIES = {Cambridge Studies in Advanced Mathematics},
	VOLUME = {8},
	EDITION = {Second},
	NOTE = {Translated from the Japanese by M. Reid},
	PUBLISHER = {Cambridge University Press, Cambridge},
	YEAR = {1989},
	PAGES = {xiv+320},
	ISBN = {0-521-36764-6},
	MRCLASS = {13-01},
	MRNUMBER = {1011461},
}

@book {Atiyah_Macdonald_Commutative_algebra,
	AUTHOR = {Atiyah, M. F. and Macdonald, I. G.},
	TITLE = {Introduction to commutative algebra},
	PUBLISHER = {Addison-Wesley Publishing Co., Reading, Mass.-London-Don
	Mills, Ont.},
	YEAR = {1969},
	PAGES = {ix+128},
	MRCLASS = {13.00},
	MRNUMBER = {0242802},
	MRREVIEWER = {J. A. Johnson},
}

@article{Blumberg_Gepner_Universal_2013,
	title={A universal characterization of higher algebraic K-theory},
	author={Blumberg, Andrew J and Gepner, David and Tabuada, Gon{\c{c}}alo},
	journal={Geometry \& Topology},
	volume={17},
	number={2},
	pages={733--838},
	year={2013},
	publisher={Mathematical Sciences Publishers}
}

@article{Drew_Verdier_quotients_2015,
	title={Verdier quotients of stable quasi-categories are localizations},
	author={Drew, Brad},
	journal={arXiv preprint arXiv:1511.08287},
	year={2015}
}

@article {Gaitsgory_IndCoh,
	AUTHOR = {Gaitsgory, Dennis},
	TITLE = {ind-coherent sheaves},
	JOURNAL = {Mosc. Math. J.},
	FJOURNAL = {Moscow Mathematical Journal},
	VOLUME = {13},
	YEAR = {2013},
	NUMBER = {3},
	PAGES = {399--528, 553},
	ISSN = {1609-3321},
	MRCLASS = {14F05 (14D24)},
	MRNUMBER = {3136100},
	MRREVIEWER = {Cristian V. Anghel},
}

@unpublished{Gaitsgory-Rozenblyum,
  author = {Gaitsgory, Dennis and Rozenblyum, Nick},
  title = {DG Indschemes},
  year = {2013},
  url = {http://www.math.harvard.edu/~gaitsgde/GL/IndSchemestext.pdf},
}

@article {Ben-Bassat_Temkin_Tubular_2013,
	AUTHOR = {Ben-Bassat, Oren and Temkin, Michael},
	TITLE = {Berkovich spaces and tubular descent},
	JOURNAL = {Adv. Math.},
	FJOURNAL = {Advances in Mathematics},
	VOLUME = {234},
	YEAR = {2013},
	PAGES = {217--238},
	ISSN = {0001-8708},
	CODEN = {ADMTA4},
	MRCLASS = {14G22 (14F05)},
	MRNUMBER = {3003930},
	MRREVIEWER = {Marco A. Garuti},
	DOI = {10.1016/j.aim.2012.10.016},
	URL = {http://dx.doi.org/10.1016/j.aim.2012.10.016},
}

@article{Schappi_descent_2015,
	title={Descent via Tannaka duality},
	author={Sch{\"a}ppi, Daniel},
	journal={arXiv preprint arXiv:1505.05681},
	year={2015}
}

@book{Matsumura_Commutative_algebra,
	title = "Commutative algebra",
	author = "Matsumura, Hideyuki",
	series = "Mathematics lecture note series",
	publisher = "The Benjamin /Cummings publish. company",
	address = "London, Amsterdam, Don Mills ( Ont.)",
	isbn = "0-8053-7026-9",
	year = 1980
}

@incollection {Kapranov_Analogies_Langlands_1995,
	AUTHOR = {Kapranov, M. M.},
	TITLE = {Analogies between the {L}anglands correspondence and
	topological quantum field theory},
	BOOKTITLE = {Functional analysis on the eve of the 21st century, {V}ol.\ 1
	({N}ew {B}runswick, {NJ}, 1993)},
	SERIES = {Progr. Math.},
	VOLUME = {131},
	PAGES = {119--151},
	PUBLISHER = {Birkh\"auser Boston, Boston, MA},
	YEAR = {1995},
	MRCLASS = {11G45 (11R39 14A20 19F05 58D29)},
	MRNUMBER = {1373001 (97c:11069)},
	MRREVIEWER = {I. Dolgachev},
}

@article{Ginzburg_Kapranov_Langlands_reciprocity_1995,
	AUTHOR = {Ginzburg, Victor and Kapranov, Mikhail and Vasserot, {\'E}ric},
	TITLE = {Langlands reciprocity for algebraic surfaces},
	JOURNAL = {Math. Res. Lett.},
	FJOURNAL = {Mathematical Research Letters},
	VOLUME = {2},
	YEAR = {1995},
	NUMBER = {2},
	PAGES = {147--160},
	ISSN = {1073-2780},
	MRCLASS = {11G45 (11R39 14J60 17B37 19F05 22E65)},
	MRNUMBER = {1324698 (96f:11086)},
	MRREVIEWER = {I. Dolgachev},
	DOI = {10.4310/MRL.1995.v2.n2.a4},
	URL = {http://dx.doi.org/10.4310/MRL.1995.v2.n2.a4},
}

@article{Braunling_generalized_2014,
	title={A Generalized Contou-Carr\`ere Symbol and its Reciprocity Laws in Higher Dimensions},
	author={Braunling, Oliver and Groechenig, Michael and Wolfson, Jesse},
	journal={arXiv preprint arXiv:1410.3451},
	year={2014}
}

@article{Bhatt_algebraization_2014,
	title={Algebraization and tannaka duality},
	author={Bhatt, Bhargav},
	journal={arXiv preprint arXiv:1404.7483},
	year={2014}
}

@article{Temkin_Metrization_2014,
	title={Metrization of differential pluriforms on Berkovich analytic spaces},
	author={Temkin, Michael},
	journal={arXiv preprint arXiv:1410.3079},
	year={2014}
}

@book {Gabber_Almost_2003,
	AUTHOR = {Gabber, Ofer and Ramero, Lorenzo},
	TITLE = {Almost ring theory},
	SERIES = {Lecture Notes in Mathematics},
	VOLUME = {1800},
	PUBLISHER = {Springer-Verlag, Berlin},
	YEAR = {2003},
	PAGES = {vi+307},
	ISBN = {3-540-40594-1},
	MRCLASS = {13D10 (13B40 13D03 14G22 18D10)},
	MRNUMBER = {2004652 (2004k:13027)},
}

@book {Grauert_Coherent_1984,
	AUTHOR = {Grauert, Hans and Remmert, Reinhold},
	TITLE = {Coherent analytic sheaves},
	SERIES = {Grundlehren der Mathematischen Wissenschaften [Fundamental
	Principles of Mathematical Sciences]},
	VOLUME = {265},
	PUBLISHER = {Springer-Verlag, Berlin},
	YEAR = {1984},
	PAGES = {xviii+249},
	ISBN = {3-540-13178-7},
	MRCLASS = {32-02 (32Bxx 32C30)},
	MRNUMBER = {755331 (86a:32001)},
	MRREVIEWER = {Daniel Barlet},
	DOI = {10.1007/978-3-642-69582-7},
	URL = {http://dx.doi.org/10.1007/978-3-642-69582-7},
}

@book {MacLane_Sheaves_1994,
	AUTHOR = {Mac Lane, Saunders and Moerdijk, Ieke},
	TITLE = {Sheaves in geometry and logic},
	SERIES = {Universitext},
	NOTE = {A first introduction to topos theory,
	Corrected reprint of the 1992 edition},
	PUBLISHER = {Springer-Verlag, New York},
	YEAR = {1994},
	PAGES = {xii+629},
	ISBN = {0-387-97710-4},
	MRCLASS = {03G30 (18B25 54B40)},
	MRNUMBER = {1300636 (96c:03119)},
	MRREVIEWER = {M. Makkai},
}

@book {Quillen_Homotopical_1967,
	AUTHOR = {Quillen, Daniel G.},
	TITLE = {Homotopical algebra},
	SERIES = {Lecture Notes in Mathematics, No. 43},
	PUBLISHER = {Springer-Verlag, Berlin-New York},
	YEAR = {1967},
	PAGES = {iv+156 pp. (not consecutively paged)},
	MRCLASS = {18.20 (55.00)},
	MRNUMBER = {0223432 (36 \#6480)},
	MRREVIEWER = {A. K. Bousfield},
}

@article{Porta_Comparison_2015,
	title={Comparison results for {Deligne-Mumford} stacks},
	author={Porta, Mauro},
	journal={arXiv preprint: 1507.00573},
	year={2015}}


@article{Pardon_An_algebraic_approach_2013,
	title={An algebraic approach to virtual fundamental cycles on moduli spaces of ${J}$-holomorphic curves},
	author={Pardon, John},
	journal={arXiv preprint arXiv:1309.2370},
	year={2013}
}

@article {Batyrev_Dual_polyhedra_and_mirror_symmetry_1994,
	AUTHOR = {Batyrev, Victor V.},
	TITLE = {Dual polyhedra and mirror symmetry for {C}alabi-{Y}au
	hypersurfaces in toric varieties},
	JOURNAL = {J. Algebraic Geom.},
	FJOURNAL = {Journal of Algebraic Geometry},
	VOLUME = {3},
	YEAR = {1994},
	NUMBER = {3},
	PAGES = {493--535},
	ISSN = {1056-3911},
	MRCLASS = {14J32 (14M25)},
	MRNUMBER = {1269718 (95c:14046)},
	MRREVIEWER = {I. Dolgachev},
}

@article {Joyce_A_theory_of_generalized_2012,
	AUTHOR = {Joyce, Dominic and Song, Yinan},
	TITLE = {A theory of generalized {D}onaldson-{T}homas invariants},
	JOURNAL = {Mem. Amer. Math. Soc.},
	FJOURNAL = {Memoirs of the American Mathematical Society},
	VOLUME = {217},
	YEAR = {2012},
	NUMBER = {1020},
	PAGES = {iv+199},
	ISSN = {0065-9266},
	CODEN = {MAMCAU},
	ISBN = {978-0-8218-5279-8},
	MRCLASS = {14N35 (14D23 14F05 14J32)},
	MRNUMBER = {2951762},
	MRREVIEWER = {Amin Gholampour},
	DOI = {10.1090/S0065-9266-2011-00630-1},
	URL = {http://dx.doi.org/10.1090/S0065-9266-2011-00630-1},
}


@article{Gubler_A_tropical_approach_2014,
	title={A tropical approach to non-archimedean {A}rakelov theory},
	author={Gubler, Walter and K{\"u}nnemann, Klaus},
	journal={arXiv preprint arXiv:1406.7637},
	year={2014}
}

@article {Elkik_Solutions_1973,
	AUTHOR = {Elkik, Ren{\'e}e},
	TITLE = {Solutions d'\'equations \`a coefficients dans un anneau
	hens\'elien},
	JOURNAL = {Ann. Sci. \'Ecole Norm. Sup. (4)},
	FJOURNAL = {Annales Scientifiques de l'\'Ecole Normale Sup\'erieure.
	Quatri\`eme S\'erie},
	VOLUME = {6},
	YEAR = {1973},
	PAGES = {553--603 (1974)},
	ISSN = {0012-9593},
	MRCLASS = {14B05 (13J15 14D15)},
	MRNUMBER = {0345966 (49 \#10692)},
	MRREVIEWER = {H. C. Pinkham},
}

@article {Drinfeld_On_some_finiteness_2013,
	AUTHOR = {Drinfeld, Vladimir and Gaitsgory, Dennis},
	TITLE = {On some finiteness questions for algebraic stacks},
	JOURNAL = {Geom. Funct. Anal.},
	FJOURNAL = {Geometric and Functional Analysis},
	VOLUME = {23},
	YEAR = {2013},
	NUMBER = {1},
	PAGES = {149--294},
	ISSN = {1016-443X},
	CODEN = {GFANFB},
	MRCLASS = {14A20 (14F05 14F10 18Dxx)},
	MRNUMBER = {3037900},
	MRREVIEWER = {Pawel Sosna},
	DOI = {10.1007/s00039-012-0204-5},
	URL = {http://dx.doi.org/10.1007/s00039-012-0204-5},
}

@article{Porta_DCAGI,
  title={Derived complex analytic geometry {I}: {GAGA} theorems},
  author={Porta, Mauro},
  journal={arXiv preprint arXiv:1506.09042},
  year={2015}
}

@article{Porta_DCAGII,
  title={Derived complex analytic geometry {II}: square-zero extensions},
  author={Porta, Mauro},
  journal={arXiv preprint arXiv:1507.06602},
  year={2015}
}

@book {Cox_Mirror_symmetry_1999,
    AUTHOR = {Cox, David A. and Katz, Sheldon},
     TITLE = {Mirror symmetry and algebraic geometry},
    SERIES = {Mathematical Surveys and Monographs},
    VOLUME = {68},
 PUBLISHER = {American Mathematical Society, Providence, RI},
      YEAR = {1999},
     PAGES = {xxii+469},
      ISBN = {0-8218-1059-6},
   MRCLASS = {14J32 (14-02 14M25 14N10 14N35 32G81 32J81 32Q25)},
  MRNUMBER = {1677117 (2000d:14048)},
MRREVIEWER = {Andreas Gathmann},
       DOI = {10.1090/surv/068},
       URL = {http://dx.doi.org/10.1090/surv/068},
}

@book {Hori_Mirror_symmetry_2003,
    AUTHOR = {Hori, Kentaro and Katz, Sheldon and Klemm, Albrecht and
              Pandharipande, Rahul and Thomas, Richard and Vafa, Cumrun and
              Vakil, Ravi and Zaslow, Eric},
     TITLE = {Mirror symmetry},
    SERIES = {Clay Mathematics Monographs},
    VOLUME = {1},
      NOTE = {With a preface by Vafa},
 PUBLISHER = {American Mathematical Society, Providence, RI; Clay
              Mathematics Institute, Cambridge, MA},
      YEAR = {2003},
     PAGES = {xx+929},
      ISBN = {0-8218-2955-6},
   MRCLASS = {14J32 (14N35 32Q25 81T30 81T60)},
  MRNUMBER = {2003030 (2004g:14042)},
MRREVIEWER = {Marcos Mari{\~n}o},
}

@book {Voisin_Symetrie_1996,
    AUTHOR = {Voisin, Claire},
     TITLE = {Sym\'etrie miroir},
    SERIES = {Panoramas et Synth\`eses [Panoramas and Syntheses]},
    VOLUME = {2},
 PUBLISHER = {Soci\'et\'e Math\'ematique de France, Paris},
      YEAR = {1996},
     PAGES = {iv+148},
      ISBN = {2-85629-048-5},
   MRCLASS = {32G81 (14D05 14J32 14N10 32G20 32J81 81T40)},
  MRNUMBER = {1396787 (97i:32026)},
MRREVIEWER = {Bruce Hunt},
}

@book {Yau_Essays_1992,
     TITLE = {Essays on mirror manifolds},
    EDITOR = {Yau, Shing-Tung},
 PUBLISHER = {International Press, Hong Kong},
      YEAR = {1992},
     PAGES = {vi+502},
      ISBN = {962-7670-01-4},
   MRCLASS = {32-06 (14J30 32G20 32J17 32J81 81T30 81T40)},
  MRNUMBER = {1191418 (94b:32001)},
MRREVIEWER = {Bruce Hunt},
}

@article{Bambozzi_Dagger_2015,
  title={Dagger Geometry As {B}anach Algebraic Geometry},
  author={Bambozzi, Federico and Ben-Bassat, Oren},
  journal={arXiv preprint arXiv:1502.01401},
  year={2015}
}


@article{Toen_Derived_2014,
  title={Derived algebraic geometry},
  author={To{\"e}n, Bertrand},
  journal={arXiv preprint arXiv:1401.1044},
  year={2014}
}

@article {Joyal_Quasi-categories_2002,
    AUTHOR = {Joyal, A.},
     TITLE = {Quasi-categories and {K}an complexes},
      NOTE = {Special volume celebrating the 70th birthday of Professor Max
              Kelly},
   JOURNAL = {J. Pure Appl. Algebra},
  FJOURNAL = {Journal of Pure and Applied Algebra},
    VOLUME = {175},
      YEAR = {2002},
    NUMBER = {1-3},
     PAGES = {207--222},
      ISSN = {0022-4049},
     CODEN = {JPAAA2},
   MRCLASS = {55U10 (18G55)},
  MRNUMBER = {1935979 (2003h:55026)},
MRREVIEWER = {Donald M. Davis},
       DOI = {10.1016/S0022-4049(02)00135-4},
       URL = {http://dx.doi.org/10.1016/S0022-4049(02)00135-4},
}

@preamble{
   "\def\cprime{$'$} "
}
@article {Lusztig_Canonical_bases_1990,
    AUTHOR = {Lusztig, G.},
     TITLE = {Canonical bases arising from quantized enveloping algebras},
   JOURNAL = {J. Amer. Math. Soc.},
  FJOURNAL = {Journal of the American Mathematical Society},
    VOLUME = {3},
      YEAR = {1990},
    NUMBER = {2},
     PAGES = {447--498},
      ISSN = {0894-0347},
   MRCLASS = {17B35 (16A64)},
  MRNUMBER = {1035415 (90m:17023)},
MRREVIEWER = {Ya. S. So{\u\i}bel{\cprime}man},
       DOI = {10.2307/1990961},
       URL = {http://dx.doi.org/10.2307/1990961},
}

@article {Lusztig_Semicanonical_2000,
    AUTHOR = {Lusztig, G.},
     TITLE = {Semicanonical bases arising from enveloping algebras},
   JOURNAL = {Adv. Math.},
  FJOURNAL = {Advances in Mathematics},
    VOLUME = {151},
      YEAR = {2000},
    NUMBER = {2},
     PAGES = {129--139},
      ISSN = {0001-8708},
     CODEN = {ADMTA4},
   MRCLASS = {17B67 (16S30)},
  MRNUMBER = {1758244 (2001e:17033)},
MRREVIEWER = {William M. McGovern},
       DOI = {10.1006/aima.1999.1873},
       URL = {http://dx.doi.org/10.1006/aima.1999.1873},
}


@inproceedings {Lusztig_Intersection_cohomology_1991,
    AUTHOR = {Lusztig, George},
     TITLE = {Intersection cohomology methods in representation theory},
 BOOKTITLE = {Proceedings of the {I}nternational {C}ongress of
              {M}athematicians, {V}ol.\ {I}, {II} ({K}yoto, 1990)},
     PAGES = {155--174},
 PUBLISHER = {Math. Soc. Japan, Tokyo},
      YEAR = {1991},
   MRCLASS = {20G05 (17B10 20C33 20G10 55N33)},
  MRNUMBER = {1159211 (93e:20059)},
MRREVIEWER = {Toshiaki Shoji},
}


@article {Fock_Cluster_ensembles_2009,
    AUTHOR = {Fock, Vladimir V. and Goncharov, Alexander B.},
     TITLE = {Cluster ensembles, quantization and the dilogarithm},
   JOURNAL = {Ann. Sci. \'Ec. Norm. Sup\'er. (4)},
  FJOURNAL = {Annales Scientifiques de l'\'Ecole Normale Sup\'erieure.
              Quatri\`eme S\'erie},
    VOLUME = {42},
      YEAR = {2009},
    NUMBER = {6},
     PAGES = {865--930},
      ISSN = {0012-9593},
   MRCLASS = {53D30 (13F60 30F60 32G15 33B30 53D55)},
  MRNUMBER = {2567745 (2011f:53202)},
MRREVIEWER = {Athanase Papadopoulos},
       DOI = {10.1007/978-0-8176-4745-2_15},
       URL = {http://dx.doi.org/10.1007/978-0-8176-4745-2_15},
}

@article {Fock_Moduli_spaces_2006,
    AUTHOR = {Fock, Vladimir and Goncharov, Alexander},
     TITLE = {Moduli spaces of local systems and higher {T}eichm\"uller
              theory},
   JOURNAL = {Publ. Math. Inst. Hautes \'Etudes Sci.},
  FJOURNAL = {Publications Math\'ematiques. Institut de Hautes \'Etudes
              Scientifiques},
    NUMBER = {103},
      YEAR = {2006},
     PAGES = {1--211},
      ISSN = {0073-8301},
   MRCLASS = {32G15 (14D22 20F34 57M50)},
  MRNUMBER = {2233852 (2009k:32011)},
MRREVIEWER = {William Goldman},
       DOI = {10.1007/s10240-006-0039-4},
       URL = {http://dx.doi.org/10.1007/s10240-006-0039-4},
}

@article {Temkin_Desingularization_2008,
    AUTHOR = {Temkin, Michael},
     TITLE = {Desingularization of quasi-excellent schemes in characteristic
              zero},
   JOURNAL = {Adv. Math.},
  FJOURNAL = {Advances in Mathematics},
    VOLUME = {219},
      YEAR = {2008},
    NUMBER = {2},
     PAGES = {488--522},
      ISSN = {0001-8708},
     CODEN = {ADMTA4},
   MRCLASS = {14E15},
  MRNUMBER = {2435647 (2009h:14027)},
MRREVIEWER = {Ana Bravo},
       DOI = {10.1016/j.aim.2008.05.006},
       URL = {http://dx.doi.org/10.1016/j.aim.2008.05.006},
}

@article{Temkin_Altered_local_2015,
  title={Altered local uniformization of Berkovich spaces},
  author={Temkin, Michael},
  journal={arXiv preprint arXiv:1503.05729},
  year={2015}
}

@incollection{Temkin_Introduction_2015,
  title={Introduction to Berkovich analytic spaces},
  author={Temkin, Michael},
  booktitle={Berkovich Spaces and Applications},
  pages={3--66},
  year={2015},
  publisher={Springer}
}

@article {Ducros_Geometries_analytique_2007,
    AUTHOR = {Ducros, Antoine},
     TITLE = {G\'eom\'etries analytique {$p$}-adique: la th\'eorie de
              {B}erkovich},
   JOURNAL = {Gaz. Math.},
  FJOURNAL = {Gazette des Math\'ematiciens},
    NUMBER = {111},
      YEAR = {2007},
     PAGES = {12--27},
      ISSN = {0224-8999},
   MRCLASS = {14G22 (11S85)},
  MRNUMBER = {2289676 (2008b:14035)},
MRREVIEWER = {Jean-Philippe Rolin},
}

@article {Ducros_Espaces_analytiques_2007,
    AUTHOR = {Ducros, Antoine},
     TITLE = {Espaces analytiques {$p$}-adiques au sens de {B}erkovich},
      NOTE = {S{\'e}minaire Bourbaki. Vol. 2005/2006},
   JOURNAL = {Ast\'erisque},
  FJOURNAL = {Ast\'erisque},
    NUMBER = {311},
      YEAR = {2007},
     PAGES = {Exp. No. 958, viii, 137--176},
      ISSN = {0303-1179},
      ISBN = {978-2-85629-230-3},
   MRCLASS = {14G22},
  MRNUMBER = {2359043 (2008i:14036)},
MRREVIEWER = {Alessandra Bertapelle},
}

@article{Gross_Correspondence_theorems_2014,
  title={Correspondence theorems via tropicalizations of moduli spaces},
  author={Gross, Andreas},
  journal={arXiv preprint arXiv:1406.1999},
  year={2014}
}

@article {Chen_Chow_quotients_2013,
    AUTHOR = {Chen, Qile and Satriano, Matthew},
     TITLE = {Chow quotients of toric varieties as moduli of stable log
              maps},
   JOURNAL = {Algebra Number Theory},
  FJOURNAL = {Algebra \& Number Theory},
    VOLUME = {7},
      YEAR = {2013},
    NUMBER = {9},
     PAGES = {2313--2329},
      ISSN = {1937-0652},
   MRCLASS = {14H10 (14N35)},
  MRNUMBER = {3152015},
MRREVIEWER = {Jaros{\l}aw A. Wi{\'s}niewski},
       DOI = {10.2140/ant.2013.7.2313},
       URL = {http://dx.doi.org/10.2140/ant.2013.7.2313},
}

@article{Ascher_Logarithmic_stable_2014,
  title={Logarithmic stable toric varieties and their moduli},
  author={Ascher, Kenneth and Molcho, Samouil},
  journal={arXiv preprint arXiv:1412.3766},
  year={2014}
}

@article{Ranganathan_Moduli_of_rational_2015,
  title={Moduli of rational curves in toric varieties and non-Archimedean geometry},
  author={Ranganathan, Dhruv},
  journal={arXiv preprint arXiv:1506.03754},
  year={2015}
}

@article{Cavalieri_Tropicalizing_the_space_2014,
  title={Tropicalizing the space of admissible covers},
  author={Cavalieri, Renzo and Markwig, Hannah and Ranganathan, Dhruv},
  journal={arXiv preprint arXiv:1401.4626},
  year={2014}
}

@article{Cavalieri_Tropical_compactification_2014,
  title={Tropical compactification and the {G}romov-{W}itten theory of {$\Bbb P^1$}},
  author={Cavalieri, Renzo and Markwig, Hannah and Ranganathan, Dhruv},
  journal={arXiv preprint arXiv:1410.2837},
  year={2014}
}

@incollection {Chan_Tropical_Teichmuller_2013,
    AUTHOR = {Chan, Melody and Melo, Margarida and Viviani, Filippo},
     TITLE = {Tropical {T}eichm\"uller and {S}iegel spaces},
 BOOKTITLE = {Algebraic and combinatorial aspects of tropical geometry},
    SERIES = {Contemp. Math.},
    VOLUME = {589},
     PAGES = {45--85},
 PUBLISHER = {Amer. Math. Soc., Providence, RI},
      YEAR = {2013},
   MRCLASS = {14T05 (14D20 14H10 14K10)},
  MRNUMBER = {3088910},
MRREVIEWER = {Arvid Siqveland},
       DOI = {10.1090/conm/589/11742},
       URL = {http://dx.doi.org/10.1090/conm/589/11742},
}

@article {Chan_Combinatorics_2012,
    AUTHOR = {Chan, Melody},
     TITLE = {Combinatorics of the tropical {T}orelli map},
   JOURNAL = {Algebra Number Theory},
  FJOURNAL = {Algebra \& Number Theory},
    VOLUME = {6},
      YEAR = {2012},
    NUMBER = {6},
     PAGES = {1133--1169},
      ISSN = {1937-0652},
   MRCLASS = {14T05 (05C30 14H10)},
  MRNUMBER = {2968636},
MRREVIEWER = {Luis Felipe Tabera},
       DOI = {10.2140/ant.2012.6.1133},
       URL = {http://dx.doi.org/10.2140/ant.2012.6.1133},
}

@incollection {Caporaso_Algebraic_and_tropical_2013,
    AUTHOR = {Caporaso, Lucia},
     TITLE = {Algebraic and tropical curves: comparing their moduli spaces},
 BOOKTITLE = {Handbook of moduli. {V}ol. {I}},
    SERIES = {Adv. Lect. Math. (ALM)},
    VOLUME = {24},
     PAGES = {119--160},
 PUBLISHER = {Int. Press, Somerville, MA},
      YEAR = {2013},
   MRCLASS = {14H10 (05C10 14T05)},
  MRNUMBER = {3184163},
MRREVIEWER = {Patrick Popescu-Pampu},
}

@article {Brannetti_On_the_tropical_2011,
    AUTHOR = {Brannetti, Silvia and Melo, Margarida and Viviani, Filippo},
     TITLE = {On the tropical {T}orelli map},
   JOURNAL = {Adv. Math.},
  FJOURNAL = {Advances in Mathematics},
    VOLUME = {226},
      YEAR = {2011},
    NUMBER = {3},
     PAGES = {2546--2586},
      ISSN = {0001-8708},
     CODEN = {ADMTA4},
   MRCLASS = {14T05 (14C34)},
  MRNUMBER = {2739784 (2012e:14121)},
MRREVIEWER = {Ethan G. Cotterill},
       DOI = {10.1016/j.aim.2010.09.011},
       URL = {http://dx.doi.org/10.1016/j.aim.2010.09.011},
}


@article {Kozlov_Moduli_spaces_2011,
    AUTHOR = {Kozlov, Dmitry N.},
     TITLE = {Moduli spaces of tropical curves of higher genus with marked
              points and homotopy colimits},
   JOURNAL = {Israel J. Math.},
  FJOURNAL = {Israel Journal of Mathematics},
    VOLUME = {182},
      YEAR = {2011},
     PAGES = {253--291},
      ISSN = {0021-2172},
     CODEN = {ISJMAP},
   MRCLASS = {14T05 (57M15)},
  MRNUMBER = {2783973 (2012h:14153)},
MRREVIEWER = {Ethan G. Cotterill},
       DOI = {10.1007/s11856-011-0031-7},
       URL = {http://dx.doi.org/10.1007/s11856-011-0031-7},
}


@article {Caporaso_Torelli_2010,
    AUTHOR = {Caporaso, Lucia and Viviani, Filippo},
     TITLE = {Torelli theorem for graphs and tropical curves},
   JOURNAL = {Duke Math. J.},
  FJOURNAL = {Duke Mathematical Journal},
    VOLUME = {153},
      YEAR = {2010},
    NUMBER = {1},
     PAGES = {129--171},
      ISSN = {0012-7094},
     CODEN = {DUMJAO},
   MRCLASS = {14C34 (05C10 14T05)},
  MRNUMBER = {2641941 (2011j:14013)},
MRREVIEWER = {Michele Bolognesi},
       DOI = {10.1215/00127094-2010-022},
       URL = {http://dx.doi.org/10.1215/00127094-2010-022},
}

@article {Kozlov_The_topology_2009,
    AUTHOR = {Kozlov, Dmitry N.},
     TITLE = {The topology of moduli spaces of tropical curves with marked
              points},
   JOURNAL = {Asian J. Math.},
  FJOURNAL = {Asian Journal of Mathematics},
    VOLUME = {13},
      YEAR = {2009},
    NUMBER = {3},
     PAGES = {385--403},
      ISSN = {1093-6106},
   MRCLASS = {14T05},
  MRNUMBER = {2570446 (2011f:14101)},
MRREVIEWER = {Joaquim Ro{\'e}},
       DOI = {10.4310/AJM.2009.v13.n3.a8},
       URL = {http://dx.doi.org/10.4310/AJM.2009.v13.n3.a8},
}

@inproceedings {Mikhalkin_Moduli_spaces_2007,
    AUTHOR = {Mikhalkin, Grigory},
     TITLE = {Moduli spaces of rational tropical curves},
 BOOKTITLE = {Proceedings of {G}\"okova {G}eometry-{T}opology {C}onference
              2006},
     PAGES = {39--51},
 PUBLISHER = {G\"okova Geometry/Topology Conference (GGT), G\"okova},
      YEAR = {2007},
   MRCLASS = {14D20 (14H10 14P99)},
  MRNUMBER = {2404949 (2009i:14014)},
MRREVIEWER = {Luis Felipe Tabera},
}

@incollection {Kleiman_Finiteness_theorems_1970,
    AUTHOR = {Kleiman, Steven L.},
     TITLE = {Finiteness theorems for algebraic cycles},
 BOOKTITLE = {Algebraic geometry, {O}slo 1970 ({P}roc. {F}ifth {N}ordic
              {S}ummer-{S}chool in {M}ath., {O}slo, 1970)},
     PAGES = {83--88},
      NOTE = {Appendix 1 to: ``Motives'' ({{\i}t Algebraic geometry, Oslo
              1970} (Proc. Fifth Nordic Summer-School in Math., Oslo, 1970),
              pp. 53--82, Wolters-Noordhoff, Groningen, 1972)},
 PUBLISHER = {Wolters-Noordhoff, Groningen},
      YEAR = {1972},
   MRCLASS = {14C10},
  MRNUMBER = {0382268 (52 \#3153)},
MRREVIEWER = {T. Oda},
}

@article {Li_A_degeneration_formula_2002,
    AUTHOR = {Li, Jun},
     TITLE = {A degeneration formula of {GW}-invariants},
   JOURNAL = {J. Differential Geom.},
  FJOURNAL = {Journal of Differential Geometry},
    VOLUME = {60},
      YEAR = {2002},
    NUMBER = {2},
     PAGES = {199--293},
      ISSN = {0022-040X},
     CODEN = {JDGEAS},
   MRCLASS = {14N35},
  MRNUMBER = {1938113 (2004k:14096)},
       URL = {http://projecteuclid.org/euclid.jdg/1090351102},
}


@article {Li_Stable_morphisms_2001,
    AUTHOR = {Li, Jun},
     TITLE = {Stable morphisms to singular schemes and relative stable
              morphisms},
   JOURNAL = {J. Differential Geom.},
  FJOURNAL = {Journal of Differential Geometry},
    VOLUME = {57},
      YEAR = {2001},
    NUMBER = {3},
     PAGES = {509--578},
      ISSN = {0022-040X},
     CODEN = {JDGEAS},
   MRCLASS = {14N35},
  MRNUMBER = {1882667 (2003d:14066)},
MRREVIEWER = {Andreas Gathmann},
       URL = {http://projecteuclid.org/euclid.jdg/1090348132},
}

@article {Gathmann_Absolute_2002,
    AUTHOR = {Gathmann, Andreas},
     TITLE = {Absolute and relative {G}romov-{W}itten invariants of very
              ample hypersurfaces},
   JOURNAL = {Duke Math. J.},
  FJOURNAL = {Duke Mathematical Journal},
    VOLUME = {115},
      YEAR = {2002},
    NUMBER = {2},
     PAGES = {171--203},
      ISSN = {0012-7094},
     CODEN = {DUMJAO},
   MRCLASS = {14N35 (14H10 14J70 14N10)},
  MRNUMBER = {1944571 (2003k:14068)},
MRREVIEWER = {Domenico Fiorenza},
       DOI = {10.1215/S0012-7094-02-11521-X},
       URL = {http://dx.doi.org/10.1215/S0012-7094-02-11521-X},
}

@article {Ionel_Relative_Gromov-Witten_2003,
    AUTHOR = {Ionel, Eleny-Nicoleta and Parker, Thomas H.},
     TITLE = {Relative {G}romov-{W}itten invariants},
   JOURNAL = {Ann. of Math. (2)},
  FJOURNAL = {Annals of Mathematics. Second Series},
    VOLUME = {157},
      YEAR = {2003},
    NUMBER = {1},
     PAGES = {45--96},
      ISSN = {0003-486X},
     CODEN = {ANMAAH},
   MRCLASS = {53D45 (57R17 57R57)},
  MRNUMBER = {1954264 (2004a:53112)},
MRREVIEWER = {Ignasi Mundet-Riera},
       DOI = {10.4007/annals.2003.157.45},
       URL = {http://dx.doi.org/10.4007/annals.2003.157.45},
}

@article {Li_Symplectic_surgery_2001,
    AUTHOR = {Li, An-Min and Ruan, Yongbin},
     TITLE = {Symplectic surgery and {G}romov-{W}itten invariants of
              {C}alabi-{Y}au 3-folds},
   JOURNAL = {Invent. Math.},
  FJOURNAL = {Inventiones Mathematicae},
    VOLUME = {145},
      YEAR = {2001},
    NUMBER = {1},
     PAGES = {151--218},
      ISSN = {0020-9910},
     CODEN = {INVMBH},
   MRCLASS = {53D45 (14J32 14N35 32Q25 32Q65)},
  MRNUMBER = {1839289 (2002g:53158)},
MRREVIEWER = {Ignasi Mundet-Riera},
       DOI = {10.1007/s002220100146},
       URL = {http://dx.doi.org/10.1007/s002220100146},
}

@article {Bosch_K-affinoid_tori_1971,
    AUTHOR = {Bosch, Siegfried},
     TITLE = {{$k$}-affinoide {T}ori},
   JOURNAL = {Math. Ann.},
  FJOURNAL = {Mathematische Annalen},
    VOLUME = {192},
      YEAR = {1971},
     PAGES = {1--16},
      ISSN = {0025-5831},
   MRCLASS = {16A62},
  MRNUMBER = {0291223 (45 \#317)},
MRREVIEWER = {George Bachman},
}

@article {Looijenga_Rational_1981,
    AUTHOR = {Looijenga, Eduard},
     TITLE = {Rational surfaces with an anticanonical cycle},
   JOURNAL = {Ann. of Math. (2)},
  FJOURNAL = {Annals of Mathematics. Second Series},
    VOLUME = {114},
      YEAR = {1981},
    NUMBER = {2},
     PAGES = {267--322},
      ISSN = {0003-486X},
     CODEN = {ANMAAH},
   MRCLASS = {14J10 (14J17 32G11)},
  MRNUMBER = {632841 (83j:14030)},
MRREVIEWER = {Henry C. Pinkham},
       DOI = {10.2307/1971295},
       URL = {http://dx.doi.org/10.2307/1971295},
}

@book {McDuff_J-holomorphic_2012,
    AUTHOR = {McDuff, Dusa and Salamon, Dietmar},
     TITLE = {{$J$}-holomorphic curves and symplectic topology},
    SERIES = {American Mathematical Society Colloquium Publications},
    VOLUME = {52},
   EDITION = {Second},
 PUBLISHER = {American Mathematical Society, Providence, RI},
      YEAR = {2012},
     PAGES = {xiv+726},
      ISBN = {978-0-8218-8746-2},
   MRCLASS = {53D45 (32Q65 53D35)},
  MRNUMBER = {2954391},
MRREVIEWER = {Mark Alan Branson},
}

@book {McDuff_Introduction_to_symplectic_1998,
    AUTHOR = {McDuff, Dusa and Salamon, Dietmar},
     TITLE = {Introduction to symplectic topology},
    SERIES = {Oxford Mathematical Monographs},
   EDITION = {Second},
 PUBLISHER = {The Clarendon Press, Oxford University Press, New York},
      YEAR = {1998},
     PAGES = {x+486},
      ISBN = {0-19-850451-9},
   MRCLASS = {53D35 (53D40 57R17 57R57 57R58)},
  MRNUMBER = {1698616 (2000g:53098)},
MRREVIEWER = {Hansj{\"o}rg Geiges},
}

@article {Hartl_On_rigid-analytic_Picard_2000,
    AUTHOR = {Hartl, Urs and L{\"u}tkebohmert, Werner},
     TITLE = {On rigid-analytic {P}icard varieties},
   JOURNAL = {J. Reine Angew. Math.},
  FJOURNAL = {Journal f\"ur die Reine und Angewandte Mathematik. [Crelle's
              Journal]},
    VOLUME = {528},
      YEAR = {2000},
     PAGES = {101--148},
      ISSN = {0075-4102},
     CODEN = {JRMAA8},
   MRCLASS = {14G22 (14K30)},
  MRNUMBER = {1801659 (2001m:14036)},
MRREVIEWER = {Hans Schoutens},
       DOI = {10.1515/crll.2000.087},
       URL = {http://dx.doi.org/10.1515/crll.2000.087},
}

@article {Friedman_Type_III_1986,
    AUTHOR = {Friedman, Robert and Scattone, Francesco},
     TITLE = {Type {${\rm III}$} degenerations of {$K3$} surfaces},
   JOURNAL = {Invent. Math.},
  FJOURNAL = {Inventiones Mathematicae},
    VOLUME = {83},
      YEAR = {1986},
    NUMBER = {1},
     PAGES = {1--39},
      ISSN = {0020-9910},
   MRCLASS = {14J28 (14C30 14D20 32G20)},
  MRNUMBER = {813580 (87k:14044)},
MRREVIEWER = {I. Dolgachev},
       DOI = {10.1007/BF01388751},
       URL = {http://dx.doi.org/10.1007/BF01388751},
}

@article {Kulikov_Degenerations_of_K3_1977,
    AUTHOR = {Kulikov, Vik. S.},
     TITLE = {Degenerations of {$K3$} surfaces and {E}nriques surfaces},
   JOURNAL = {Izv. Akad. Nauk SSSR Ser. Mat.},
  FJOURNAL = {Izvestiya Akademii Nauk SSSR. Seriya Matematicheskaya},
    VOLUME = {41},
      YEAR = {1977},
    NUMBER = {5},
     PAGES = {1008--1042, 1199},
      ISSN = {0373-2436},
   MRCLASS = {14J25},
  MRNUMBER = {0506296 (58 \#22087b)},
MRREVIEWER = {I. Dolgachev},
}


@article {Persson_On_degenerations_1977,
    AUTHOR = {Persson, Ulf},
     TITLE = {On degenerations of algebraic surfaces},
   JOURNAL = {Mem. Amer. Math. Soc.},
  FJOURNAL = {Memoirs of the American Mathematical Society},
    VOLUME = {11},
      YEAR = {1977},
    NUMBER = {189},
     PAGES = {xv+144},
      ISSN = {0065-9266},
   MRCLASS = {14J10 (14D15 32G20)},
  MRNUMBER = {0466149 (57 \#6030)},
MRREVIEWER = {C. A. M. Peters},
}

@book {Forster_Lectures_on_Riemann_surfaces_1991,
    AUTHOR = {Forster, Otto},
     TITLE = {Lectures on {R}iemann surfaces},
    SERIES = {Graduate Texts in Mathematics},
    VOLUME = {81},
      NOTE = {Translated from the 1977 German original by Bruce Gilligan,
              Reprint of the 1981 English translation},
 PUBLISHER = {Springer-Verlag, New York},
      YEAR = {1991},
     PAGES = {viii+254},
      ISBN = {0-387-90617-7},
   MRCLASS = {30Fxx (14H55 32-01)},
  MRNUMBER = {1185074 (93h:30061)},
}

@unpublished{Gross_Theta_2015,
  title={Theta functions on varieties with effective anti-canonical class},
  author={Mark Gross and Paul Hacking and Sean Keel and Bernd Siebert},
  note={In progress},
  year={2015}
}

@unpublished{Carl_A_tropical_view_2010,
  title={A tropical view of Landau-Ginzburg models},
  author={Carl, Michael and Pumperla, Max and Siebert, Bernd},
  note={Preprint},
  year={2010}
}

@article {Tate_Rigid_1971,
    AUTHOR = {Tate, John},
     TITLE = {Rigid analytic spaces},
   JOURNAL = {Invent. Math.},
  FJOURNAL = {Inventiones Mathematicae},
    VOLUME = {12},
      YEAR = {1971},
     PAGES = {257--289},
      ISSN = {0020-9910},
   MRCLASS = {14A20 (13J10 32K10)},
  MRNUMBER = {0306196 (46 \#5323)},
MRREVIEWER = {M. Nagata},
}

@incollection {Berkovich_Non-archimedean_first_steps_2008,
    AUTHOR = {Berkovich, Vladimir},
     TITLE = {Non-{A}rchimedean analytic geometry: first steps},
 BOOKTITLE = {{$p$}-adic geometry},
    SERIES = {Univ. Lecture Ser.},
    VOLUME = {45},
     PAGES = {1--7},
 PUBLISHER = {Amer. Math. Soc., Providence, RI},
      YEAR = {2008},
   MRCLASS = {14G22 (14-03)},
  MRNUMBER = {2482344 (2010g:14030)},
MRREVIEWER = {Alessandra Bertapelle},
}

@article{Brugalle_Obstructions_to_approximating_2011,
  title={Obstructions to approximating tropical curves in surfaces via intersection theory},
  author={Brugall{\'e}, Erwan and Shaw, Kristin M},
  journal={arXiv preprint arXiv:1110.0533},
  year={2011}
}

@article {Bogart_Obstructions_to_lifting_2012,
    AUTHOR = {Bogart, Tristram and Katz, Eric},
     TITLE = {Obstructions to lifting tropical curves in surfaces in
              3-space},
   JOURNAL = {SIAM J. Discrete Math.},
  FJOURNAL = {SIAM Journal on Discrete Mathematics},
    VOLUME = {26},
      YEAR = {2012},
    NUMBER = {3},
     PAGES = {1050--1067},
      ISSN = {0895-4801},
   MRCLASS = {14T05 (52B20)},
  MRNUMBER = {3022123},
MRREVIEWER = {Joaquim Ro{\'e}},
       DOI = {10.1137/110825558},
       URL = {http://dx.doi.org/10.1137/110825558},
}

@article{Gathmann_Realizability_2013,
  title={The realizability of curves in a tropical plane},
  author={Gathmann, Andreas and Schmitz, Kirsten and Winstel, Anna Lena},
  journal={arXiv preprint arXiv:1307.5686},
  year={2013}
}

@article {Katz_Lifting_2012,
    AUTHOR = {Katz, Eric},
     TITLE = {Lifting tropical curves in space and linear systems on graphs},
   JOURNAL = {Adv. Math.},
  FJOURNAL = {Advances in Mathematics},
    VOLUME = {230},
      YEAR = {2012},
    NUMBER = {3},
     PAGES = {853--875},
      ISSN = {0001-8708},
     CODEN = {ADMTA4},
   MRCLASS = {14T05},
  MRNUMBER = {2921163},
MRREVIEWER = {Margarida Melo},
       DOI = {10.1016/j.aim.2012.03.017},
       URL = {http://dx.doi.org/10.1016/j.aim.2012.03.017},
}

@incollection {Katz_Payne_Realization_2011,
    AUTHOR = {Katz, Eric and Payne, Sam},
     TITLE = {Realization spaces for tropical fans},
 BOOKTITLE = {Combinatorial aspects of commutative algebra and algebraic
              geometry},
    SERIES = {Abel Symp.},
    VOLUME = {6},
     PAGES = {73--88},
 PUBLISHER = {Springer, Berlin},
      YEAR = {2011},
   MRCLASS = {14T05 (14M25)},
  MRNUMBER = {2810427 (2012h:14152)},
MRREVIEWER = {Ethan G. Cotterill},
       DOI = {10.1007/978-3-642-19492-4_6},
       URL = {http://dx.doi.org/10.1007/978-3-642-19492-4_6},
}


@article {Shustin_A_tropical_approach_2005,
    AUTHOR = {Shustin, E.},
     TITLE = {A tropical approach to enumerative geometry},
   JOURNAL = {Algebra i Analiz},
  FJOURNAL = {Rossi\u\i skaya Akademiya Nauk. Algebra i Analiz},
    VOLUME = {17},
      YEAR = {2005},
    NUMBER = {2},
     PAGES = {170--214},
      ISSN = {0234-0852},
   MRCLASS = {14N10 (14H15 14M25 14P05)},
  MRNUMBER = {2159589 (2006i:14058)},
MRREVIEWER = {Susan J. Colley},
       DOI = {10.1090/S1061-0022-06-00908-3},
       URL = {http://dx.doi.org/10.1090/S1061-0022-06-00908-3},
}

@article{Cheung_Faithful_realizability_2014,
  title={Faithful realizability of tropical curves},
  author={Cheung, Man-Wai and Fantini, Lorenzo and Park, Jennifer and Ulirsch, Martin},
  journal={arXiv preprint arXiv:1410.4152},
  year={2014}
}

@article {Siebert_Algebraic_and_symplectic_1999,
    AUTHOR = {Siebert, Bernd},
     TITLE = {Algebraic and symplectic {G}romov-{W}itten invariants
              coincide},
   JOURNAL = {Ann. Inst. Fourier (Grenoble)},
  FJOURNAL = {Universit\'e de Grenoble. Annales de l'Institut Fourier},
    VOLUME = {49},
      YEAR = {1999},
    NUMBER = {6},
     PAGES = {1743--1795},
      ISSN = {0373-0956},
     CODEN = {AIFUA7},
   MRCLASS = {14N35 (32Q65 53D45)},
  MRNUMBER = {1738065 (2001f:14097)},
MRREVIEWER = {Jim A. Bryan},
       URL = {http://www.numdam.org/item?id=AIF_1999__49_6_1743_0},
}

@article {Ruan_Higher_genus_symplectic_1997,
    AUTHOR = {Ruan, Yongbin and Tian, Gang},
     TITLE = {Higher genus symplectic invariants and sigma models coupled
              with gravity},
   JOURNAL = {Invent. Math.},
  FJOURNAL = {Inventiones Mathematicae},
    VOLUME = {130},
      YEAR = {1997},
    NUMBER = {3},
     PAGES = {455--516},
      ISSN = {0020-9910},
     CODEN = {INVMBH},
   MRCLASS = {58D10 (14N10 57R57 58D29)},
  MRNUMBER = {1483992 (99d:58030)},
MRREVIEWER = {Bernd Siebert},
       DOI = {10.1007/s002220050192},
       URL = {http://dx.doi.org/10.1007/s002220050192},
}


@incollection {Witten_Two-dimensional_gravity_1991,
    AUTHOR = {Witten, Edward},
     TITLE = {Two-dimensional gravity and intersection theory on moduli
              space},
 BOOKTITLE = {Surveys in differential geometry ({C}ambridge, {MA}, 1990)},
     PAGES = {243--310},
 PUBLISHER = {Lehigh Univ., Bethlehem, PA},
      YEAR = {1991},
   MRCLASS = {32G15 (14C17 14H15 32G81 58F07 81T40)},
  MRNUMBER = {1144529 (93e:32028)},
MRREVIEWER = {Steven Rosenberg},
}

@article{Martin_Dimensions_2014,
  title={Dimensions in non-Archimedean geometries},
  author={Martin, Florent},
  journal={arXiv preprint arXiv:1401.6942},
  year={2014}
}

@article{Lipshitz_Model_completeness_2000,
  title={Model completeness and subanalytic sets},
  author={Lipshitz, Leonard and Robinson, Zachary},
  journal={Ast{\'e}risque},
  volume={264},
  pages={109--126},
  year={2000},
  publisher={Citeseer}
}

@book {Abbes_Elements_2010,
    AUTHOR = {Abbes, Ahmed},
     TITLE = {\'{E}l\'ements de g\'eom\'etrie rigide. {V}olume {I}},
    SERIES = {Progress in Mathematics},
    VOLUME = {286},
      NOTE = {Construction et {\'e}tude g{\'e}om{\'e}trique des espaces
              rigides. [Construction and geometric study of rigid spaces],
              With a preface by Michel Raynaud},
 PUBLISHER = {Birkh\"auser/Springer Basel AG, Basel},
      YEAR = {2010},
     PAGES = {xvi+477},
      ISBN = {978-3-0348-0011-2},
   MRCLASS = {14G22 (14-02)},
  MRNUMBER = {2815110 (2012h:14065)},
MRREVIEWER = {Alessandra Bertapelle},
}

@article {Bosch_Formal_IV,
    AUTHOR = {Bosch, Siegfried and L{\"u}tkebohmert, Werner and Raynaud,
              Michel},
     TITLE = {Formal and rigid geometry. {IV}. {T}he reduced fibre theorem},
   JOURNAL = {Invent. Math.},
  FJOURNAL = {Inventiones Mathematicae},
    VOLUME = {119},
      YEAR = {1995},
    NUMBER = {2},
     PAGES = {361--398},
      ISSN = {0020-9910},
     CODEN = {INVMBH},
   MRCLASS = {11G25 (14A15 14G20 32P05)},
  MRNUMBER = {1312505 (97e:11075)},
MRREVIEWER = {Reinhold H{\"u}bl},
       DOI = {10.1007/BF01245187},
       URL = {http://dx.doi.org/10.1007/BF01245187},
}


@article {Bosch_Formal_III,
    AUTHOR = {Bosch, Siegfried and L{\"u}tkebohmert, Werner and Raynaud,
              Michel},
     TITLE = {Formal and rigid geometry. {III}. {T}he relative maximum
              principle},
   JOURNAL = {Math. Ann.},
  FJOURNAL = {Mathematische Annalen},
    VOLUME = {302},
      YEAR = {1995},
    NUMBER = {1},
     PAGES = {1--29},
      ISSN = {0025-5831},
     CODEN = {MAANA},
   MRCLASS = {11G25 (14A15 14G20 32P05)},
  MRNUMBER = {1329445 (97e:11074)},
MRREVIEWER = {Reinhold H{\"u}bl},
       DOI = {10.1007/BF01444485},
       URL = {http://dx.doi.org/10.1007/BF01444485},
}

@article {Bosch_Formal_II,
    AUTHOR = {Bosch, Siegfried and L{\"u}tkebohmert, Werner},
     TITLE = {Formal and rigid geometry. {II}. {F}lattening techniques},
   JOURNAL = {Math. Ann.},
  FJOURNAL = {Mathematische Annalen},
    VOLUME = {296},
      YEAR = {1993},
    NUMBER = {3},
     PAGES = {403--429},
      ISSN = {0025-5831},
     CODEN = {MAANA},
   MRCLASS = {11G25 (14A15 14G20 32P05)},
  MRNUMBER = {1225983 (94e:11070)},
       DOI = {10.1007/BF01445112},
       URL = {http://dx.doi.org/10.1007/BF01445112},
}

@article {Bosch_Formal_I,
    AUTHOR = {Bosch, Siegfried and L{\"u}tkebohmert, Werner},
     TITLE = {Formal and rigid geometry. {I}. {R}igid spaces},
   JOURNAL = {Math. Ann.},
  FJOURNAL = {Mathematische Annalen},
    VOLUME = {295},
      YEAR = {1993},
    NUMBER = {2},
     PAGES = {291--317},
      ISSN = {0025-5831},
     CODEN = {MAANA},
   MRCLASS = {11G25 (14D15 14G20)},
  MRNUMBER = {1202394 (94a:11090)},
MRREVIEWER = {Qing Liu},
       DOI = {10.1007/BF01444889},
       URL = {http://dx.doi.org/10.1007/BF01444889},
}

@article {Speyer_Tropical_mathematics_2009,
    AUTHOR = {Speyer, David and Sturmfels, Bernd},
     TITLE = {Tropical mathematics},
   JOURNAL = {Math. Mag.},
  FJOURNAL = {Mathematics Magazine},
    VOLUME = {82},
      YEAR = {2009},
    NUMBER = {3},
     PAGES = {163--173},
      ISSN = {0025-570X},
     CODEN = {MAMGA8},
   MRCLASS = {14T05 (92D15)},
  MRNUMBER = {2522909 (2010j:14105)},
MRREVIEWER = {Joaquim Ro{\'e}},
       DOI = {10.4169/193009809X468760},
       URL = {http://dx.doi.org/10.4169/193009809X468760},
}

@incollection {Maclagan_Introduction_to_tropical_2012,
    AUTHOR = {Maclagan, Diane},
     TITLE = {Introduction to tropical algebraic geometry},
 BOOKTITLE = {Tropical geometry and integrable systems},
    SERIES = {Contemp. Math.},
    VOLUME = {580},
     PAGES = {1--19},
 PUBLISHER = {Amer. Math. Soc., Providence, RI},
      YEAR = {2012},
   MRCLASS = {14T05},
  MRNUMBER = {2985384},
MRREVIEWER = {Frank Sottile},
       DOI = {10.1090/conm/580/11494},
       URL = {http://dx.doi.org/10.1090/conm/580/11494},
}

@incollection {Richter-Gebert_First_steps_2005,
    AUTHOR = {Richter-Gebert, J{\"u}rgen and Sturmfels, Bernd and Theobald,
              Thorsten},
     TITLE = {First steps in tropical geometry},
 BOOKTITLE = {Idempotent mathematics and mathematical physics},
    SERIES = {Contemp. Math.},
    VOLUME = {377},
     PAGES = {289--317},
 PUBLISHER = {Amer. Math. Soc., Providence, RI},
      YEAR = {2005},
   MRCLASS = {14P99 (52B70 68W30)},
  MRNUMBER = {2149011 (2006d:14073)},
MRREVIEWER = {Eugenii Shustin},
       DOI = {10.1090/conm/377/06998},
       URL = {http://dx.doi.org/10.1090/conm/377/06998},
}

@incollection {Itenberg_Introduction_2008,
    AUTHOR = {Itenberg, Ilia},
     TITLE = {Introduction \`a la g\'eom\'etrie tropicale},
 BOOKTITLE = {G\'eom\'etrie tropicale},
     PAGES = {1--25},
 PUBLISHER = {Ed. \'Ec. Polytech., Palaiseau},
      YEAR = {2008},
   MRCLASS = {14T05 (14H50 14M25 14P05)},
  MRNUMBER = {2509157 (2010d:14085)},
MRREVIEWER = {Eugenii Shustin},
}

@incollection {Brugall_Geometrie_enumeratives_2008,
    AUTHOR = {Brugall{\'e}, Erwan},
     TITLE = {G\'eom\'etries \'enum\'eratives complexe, r\'eelle et
              tropicale},
 BOOKTITLE = {G\'eom\'etrie tropicale},
     PAGES = {27--84},
 PUBLISHER = {Ed. \'Ec. Polytech., Palaiseau},
      YEAR = {2008},
   MRCLASS = {14N10 (14N35 14P05 14T05)},
  MRNUMBER = {2509158 (2010i:14097)},
MRREVIEWER = {Ilia V. Itenberg},
}

@article{Abouzaid_Family_2014,
  title={Family Floer cohomology and mirror symmetry},
  author={Abouzaid, Mohammed},
  journal={arXiv preprint arXiv:1404.2659},
  year={2014}
}

@article {Gross_Mirror_symmetry_via_logarithmic_II_2010,
    AUTHOR = {Gross, Mark and Siebert, Bernd},
     TITLE = {Mirror symmetry via logarithmic degeneration data, {II}},
   JOURNAL = {J. Algebraic Geom.},
  FJOURNAL = {Journal of Algebraic Geometry},
    VOLUME = {19},
      YEAR = {2010},
    NUMBER = {4},
     PAGES = {679--780},
      ISSN = {1056-3911},
   MRCLASS = {14J33 (14C30 14F40 14T05)},
  MRNUMBER = {2669728 (2011m:14066)},
MRREVIEWER = {Diego Matessi},
       DOI = {10.1090/S1056-3911-2010-00555-3},
       URL = {http://dx.doi.org/10.1090/S1056-3911-2010-00555-3},
}

@article {Gross_Mirror_symmetry_via_logarithmic_I_2006,
    AUTHOR = {Gross, Mark and Siebert, Bernd},
     TITLE = {Mirror symmetry via logarithmic degeneration data. {I}},
   JOURNAL = {J. Differential Geom.},
  FJOURNAL = {Journal of Differential Geometry},
    VOLUME = {72},
      YEAR = {2006},
    NUMBER = {2},
     PAGES = {169--338},
      ISSN = {0022-040X},
     CODEN = {JDGEAS},
   MRCLASS = {14J32 (32Q25)},
  MRNUMBER = {2213573 (2007b:14087)},
MRREVIEWER = {Diego Matessi},
       URL = {http://projecteuclid.org/euclid.jdg/1143593211},
}

@article {Gross_Affine_manifolds_2003,
    AUTHOR = {Gross, Mark and Siebert, Bernd},
     TITLE = {Affine manifolds, log structures, and mirror symmetry},
   JOURNAL = {Turkish J. Math.},
  FJOURNAL = {Turkish Journal of Mathematics},
    VOLUME = {27},
      YEAR = {2003},
    NUMBER = {1},
     PAGES = {33--60},
      ISSN = {1300-0098},
   MRCLASS = {14J32 (32Q25)},
  MRNUMBER = {1975331 (2004g:14041)},
MRREVIEWER = {Diego Matessi},
}

@article {Gross_Large_2000,
    AUTHOR = {Gross, Mark and Wilson, P. M. H.},
     TITLE = {Large complex structure limits of {$K3$} surfaces},
   JOURNAL = {J. Differential Geom.},
  FJOURNAL = {Journal of Differential Geometry},
    VOLUME = {55},
      YEAR = {2000},
    NUMBER = {3},
     PAGES = {475--546},
      ISSN = {0022-040X},
     CODEN = {JDGEAS},
   MRCLASS = {32Q25 (14J32 32G05 53C23 53C25)},
  MRNUMBER = {1863732 (2003a:32042)},
MRREVIEWER = {Richard P. Thomas},
       URL = {http://projecteuclid.org/euclid.jdg/1090341262},
}

@article {Morrison_Compactifications_1993,
    AUTHOR = {Morrison, David R.},
     TITLE = {Compactifications of moduli spaces inspired by mirror
              symmetry},
      NOTE = {Journ{\'e}es de G{\'e}om{\'e}trie Alg{\'e}brique d'Orsay
              (Orsay, 1992)},
   JOURNAL = {Ast\'erisque},
  FJOURNAL = {Ast\'erisque},
    NUMBER = {218},
      YEAR = {1993},
     PAGES = {243--271},
      ISSN = {0303-1179},
   MRCLASS = {32G20 (14J32 14J40 32G81 32J18)},
  MRNUMBER = {1265317 (95d:32021)},
MRREVIEWER = {Bruce Hunt},
}

@article {Givental_Equivariant_1996,
    AUTHOR = {Givental, Alexander B.},
     TITLE = {Equivariant {G}romov-{W}itten invariants},
   JOURNAL = {Internat. Math. Res. Notices},
  FJOURNAL = {International Mathematics Research Notices},
      YEAR = {1996},
    NUMBER = {13},
     PAGES = {613--663},
      ISSN = {1073-7928},
   MRCLASS = {14D07 (14D05 14J32 14N10 32G20)},
  MRNUMBER = {1408320 (97e:14015)},
MRREVIEWER = {Claire Voisin},
       DOI = {10.1155/S1073792896000414},
       URL = {http://dx.doi.org/10.1155/S1073792896000414},
}

@article {Lian_Mirror_principle_I_1997,
    AUTHOR = {Lian, Bong H. and Liu, Kefeng and Yau, Shing-Tung},
     TITLE = {Mirror principle. {I}},
   JOURNAL = {Asian J. Math.},
  FJOURNAL = {The Asian Journal of Mathematics},
    VOLUME = {1},
      YEAR = {1997},
    NUMBER = {4},
     PAGES = {729--763},
      ISSN = {1093-6106},
   MRCLASS = {14N10 (14D20 14J32)},
  MRNUMBER = {1621573 (99e:14062)},
MRREVIEWER = {Andreas Gathmann},
}

@article {Ruan_Topological_sigma_1996,
    AUTHOR = {Ruan, Yongbin},
     TITLE = {Topological sigma model and {D}onaldson-type invariants in
              {G}romov theory},
   JOURNAL = {Duke Math. J.},
  FJOURNAL = {Duke Mathematical Journal},
    VOLUME = {83},
      YEAR = {1996},
    NUMBER = {2},
     PAGES = {461--500},
      ISSN = {0012-7094},
     CODEN = {DUMJAO},
   MRCLASS = {58D29 (57R57 58D10 58F05)},
  MRNUMBER = {1390655 (97d:58042)},
MRREVIEWER = {Bernd Siebert},
       DOI = {10.1215/S0012-7094-96-08316-7},
       URL = {http://dx.doi.org/10.1215/S0012-7094-96-08316-7},
}

@article {Candelas_A_pair_1991,
    AUTHOR = {Candelas, Philip and de la Ossa, Xenia C. and Green, Paul S.
              and Parkes, Linda},
     TITLE = {A pair of {C}alabi-{Y}au manifolds as an exactly soluble
              superconformal theory},
   JOURNAL = {Nuclear Phys. B},
  FJOURNAL = {Nuclear Physics. B},
    VOLUME = {359},
      YEAR = {1991},
    NUMBER = {1},
     PAGES = {21--74},
      ISSN = {0550-3213},
     CODEN = {NUPBBO},
   MRCLASS = {32G20 (14J15 14J30 32G05 32G81 81T30 81T40)},
  MRNUMBER = {1115626 (93b:32029)},
MRREVIEWER = {Bruce Hunt},
       DOI = {10.1016/0550-3213(91)90292-6},
       URL = {http://dx.doi.org/10.1016/0550-3213(91)90292-6},
}

@article {Candelas_CY_in_weighted_P4_1990,
    AUTHOR = {Candelas, P. and Lynker, M. and Schimmrigk, R.},
     TITLE = {Calabi-{Y}au manifolds in weighted {${\bf P}\sb 4$}},
   JOURNAL = {Nuclear Phys. B},
  FJOURNAL = {Nuclear Physics. B},
    VOLUME = {341},
      YEAR = {1990},
    NUMBER = {2},
     PAGES = {383--402},
      ISSN = {0550-3213},
     CODEN = {NUPBBO},
   MRCLASS = {14J30 (32J17 53C80 81T30 81T40)},
  MRNUMBER = {1067295 (91m:14062)},
MRREVIEWER = {Bruce Hunt},
       DOI = {10.1016/0550-3213(90)90185-G},
       URL = {http://dx.doi.org/10.1016/0550-3213(90)90185-G},
}

@article {Candelas_Vacuum_1985,
    AUTHOR = {Candelas, P. and Horowitz, Gary T. and Strominger, Andrew and
              Witten, Edward},
     TITLE = {Vacuum configurations for superstrings},
   JOURNAL = {Nuclear Phys. B},
  FJOURNAL = {Nuclear Physics. B},
    VOLUME = {258},
      YEAR = {1985},
    NUMBER = {1},
     PAGES = {46--74},
      ISSN = {0550-3213},
     CODEN = {NUPBBO},
   MRCLASS = {83E15 (53C80 58G40 81E20 81G20)},
  MRNUMBER = {800347 (87k:83091a)},
MRREVIEWER = {Marc Henneaux},
       DOI = {10.1016/0550-3213(85)90602-9},
       URL = {http://dx.doi.org/10.1016/0550-3213(85)90602-9},
}

@article{Gross_Canonical_bases_2014,
  title={Canonical bases for cluster algebras},
  author={Gross, Mark and Hacking, Paul and Keel, Sean and Kontsevich, Maxim},
  journal={arXiv preprint arXiv:1411.1394},
  year={2014}
}

@article{Gross_Theta_2012,
  title={Theta functions and mirror symmetry},
  author={Gross, Mark and Siebert, Bernd},
  journal={arXiv preprint arXiv:1204.1991},
  year={2012}
}

@article {Kontsevich_Gromov-Witten_1994,
    AUTHOR = {Kontsevich, M. and Manin, Yu.},
     TITLE = {Gromov-{W}itten classes, quantum cohomology, and enumerative
              geometry},
   JOURNAL = {Comm. Math. Phys.},
  FJOURNAL = {Communications in Mathematical Physics},
    VOLUME = {164},
      YEAR = {1994},
    NUMBER = {3},
     PAGES = {525--562},
      ISSN = {0010-3616},
     CODEN = {CMPHAY},
   MRCLASS = {14N10 (53C15 58D10 58F05)},
  MRNUMBER = {1291244 (95i:14049)},
MRREVIEWER = {Dietmar A. Salamon},
       URL = {http://projecteuclid.org/euclid.cmp/1104270948},
}

@article {Behrend_Intrinsic_normal_cone_1997,
    AUTHOR = {Behrend, K. and Fantechi, B.},
     TITLE = {The intrinsic normal cone},
   JOURNAL = {Invent. Math.},
  FJOURNAL = {Inventiones Mathematicae},
    VOLUME = {128},
      YEAR = {1997},
    NUMBER = {1},
     PAGES = {45--88},
      ISSN = {0020-9910},
     CODEN = {INVMBH},
   MRCLASS = {14F99 (14C15 14D20)},
  MRNUMBER = {1437495 (98e:14022)},
MRREVIEWER = {Tohru Nakashima},
       DOI = {10.1007/s002220050136},
       URL = {http://dx.doi.org/10.1007/s002220050136},
}

@incollection {Gross_Invitation_2011,
    AUTHOR = {Gross, Mark and Siebert, Bernd},
     TITLE = {An invitation to toric degenerations},
 BOOKTITLE = {Surveys in differential geometry. {V}olume {XVI}. {G}eometry
              of special holonomy and related topics},
    SERIES = {Surv. Differ. Geom.},
    VOLUME = {16},
     PAGES = {43--78},
 PUBLISHER = {Int. Press, Somerville, MA},
      YEAR = {2011},
   MRCLASS = {14J33 (14D06 14M25 14T05)},
  MRNUMBER = {2893676},
MRREVIEWER = {Siu-Cheong Lau},
       DOI = {10.4310/SDG.2011.v16.n1.a2},
       URL = {http://dx.doi.org/10.4310/SDG.2011.v16.n1.a2},
}

@article{Rydh_Noetherian_2015,
  title={Noetherian approximation of algebraic spaces and stacks},
  author={Rydh, David},
  journal={Journal of Algebra},
  volume={422},
  pages={105--147},
  year={2015},
  publisher={Elsevier}
}

@book{Fulton_Intersection_1998,
    AUTHOR = {Fulton, William},
     TITLE = {Intersection theory},
    SERIES = {Ergebnisse der Mathematik und ihrer Grenzgebiete. 3. Folge. A
              Series of Modern Surveys in Mathematics},
    VOLUME = {2},
   EDITION = {Second},
 PUBLISHER = {Springer-Verlag, Berlin},
      YEAR = {1998},
     PAGES = {xiv+470},
      ISBN = {3-540-62046-X; 0-387-98549-2},
   MRCLASS = {14C17 (14-02)},
  MRNUMBER = {1644323 (99d:14003)},
       DOI = {10.1007/978-1-4612-1700-8},
       URL = {http://dx.doi.org/10.1007/978-1-4612-1700-8},
}

@incollection {Auroux_Special_Lagrangian_fibrations_2009,
    AUTHOR = {Auroux, Denis},
     TITLE = {Special {L}agrangian fibrations, wall-crossing, and mirror
              symmetry},
 BOOKTITLE = {Surveys in differential geometry. {V}ol. {XIII}. {G}eometry,
              analysis, and algebraic geometry: forty years of the {J}ournal
              of {D}ifferential {G}eometry},
    SERIES = {Surv. Differ. Geom.},
    VOLUME = {13},
     PAGES = {1--47},
 PUBLISHER = {Int. Press, Somerville, MA},
      YEAR = {2009},
   MRCLASS = {53D37 (14J33 53C38)},
  MRNUMBER = {2537081 (2010j:53181)},
MRREVIEWER = {Kwokwai Chan},
       DOI = {10.4310/SDG.2008.v13.n1.a1},
       URL = {http://dx.doi.org/10.4310/SDG.2008.v13.n1.a1},
}

@incollection {Fukaya_Multivalued_Morse_2005,
    AUTHOR = {Fukaya, Kenji},
     TITLE = {Multivalued {M}orse theory, asymptotic analysis and mirror
              symmetry},
 BOOKTITLE = {Graphs and patterns in mathematics and theoretical physics},
    SERIES = {Proc. Sympos. Pure Math.},
    VOLUME = {73},
     PAGES = {205--278},
 PUBLISHER = {Amer. Math. Soc., Providence, RI},
      YEAR = {2005},
   MRCLASS = {53D40 (14J32 32Q25 53D12 58E05)},
  MRNUMBER = {2131017 (2006a:53100)},
MRREVIEWER = {Richard P. Thomas},
       DOI = {10.1090/pspum/073/2131017},
       URL = {http://dx.doi.org/10.1090/pspum/073/2131017},
}

@article{Lin_Open_GW_2014,
  title={Open {G}romov-{W}itten invariants on elliptic {K}3 surfaces and wall-crossing},
  author={Lin, Yu-Shen},
  journal={arXiv preprint arXiv:1412.4455},
  year={2014}
}

@article {Gross_Mirror_symmetry_for_P2_2010,
    AUTHOR = {Gross, Mark},
     TITLE = {Mirror symmetry for {$\Bbb P\sp 2$} and tropical geometry},
   JOURNAL = {Adv. Math.},
  FJOURNAL = {Advances in Mathematics},
    VOLUME = {224},
      YEAR = {2010},
    NUMBER = {1},
     PAGES = {169--245},
      ISSN = {0001-8708},
     CODEN = {ADMTA4},
   MRCLASS = {14J33 (14N35 14T05)},
  MRNUMBER = {2600995 (2011j:14089)},
MRREVIEWER = {Jake Philip Solomon},
       DOI = {10.1016/j.aim.2009.11.007},
       URL = {http://dx.doi.org/10.1016/j.aim.2009.11.007},
}

@article {SYZ_1996,
    AUTHOR = {Strominger, Andrew and Yau, Shing-Tung and Zaslow, Eric},
     TITLE = {Mirror symmetry is {$T$}-duality},
   JOURNAL = {Nuclear Phys. B},
  FJOURNAL = {Nuclear Physics. B},
    VOLUME = {479},
      YEAR = {1996},
    NUMBER = {1-2},
     PAGES = {243--259},
      ISSN = {0550-3213},
     CODEN = {NUPBBO},
   MRCLASS = {32J17 (14J32 32J81 81T30)},
  MRNUMBER = {1429831 (97j:32022)},
MRREVIEWER = {Mark Gross},
       DOI = {10.1016/0550-3213(96)00434-8},
       URL = {http://dx.doi.org/10.1016/0550-3213(96)00434-8},
}


@article {Tu_On_the_reconstruction_2014,
    AUTHOR = {Tu, Junwu},
     TITLE = {On the reconstruction problem in mirror symmetry},
   JOURNAL = {Adv. Math.},
  FJOURNAL = {Advances in Mathematics},
    VOLUME = {256},
      YEAR = {2014},
     PAGES = {449--478},
      ISSN = {0001-8708},
   MRCLASS = {53D12 (17B99 32G05 53D40)},
  MRNUMBER = {3177298},
       DOI = {10.1016/j.aim.2014.02.005},
       URL = {http://dx.doi.org/10.1016/j.aim.2014.02.005},
}

@article {Fukaya_Cyclic_symmetry_2010,
    AUTHOR = {Fukaya, Kenji},
     TITLE = {Cyclic symmetry and adic convergence in {L}agrangian {F}loer
              theory},
   JOURNAL = {Kyoto J. Math.},
  FJOURNAL = {Kyoto Journal of Mathematics},
    VOLUME = {50},
      YEAR = {2010},
    NUMBER = {3},
     PAGES = {521--590},
      ISSN = {2156-2261},
   MRCLASS = {53D37 (53D12 53D40)},
  MRNUMBER = {2723862 (2011m:53169)},
MRREVIEWER = {Timothy Perutz},
       DOI = {10.1215/0023608X-2010-004},
       URL = {http://dx.doi.org/10.1215/0023608X-2010-004},
}

@book {Fukaya_Lagrangian_intersection_2009,
    AUTHOR = {Fukaya, Kenji and Oh, Yong-Geun and Ohta, Hiroshi and Ono,
              Kaoru},
     TITLE = {Lagrangian intersection {F}loer theory: anomaly and
              obstruction},
    SERIES = {AMS/IP Studies in Advanced Mathematics},
    VOLUME = {46},
 PUBLISHER = {American Mathematical Society, Providence, RI; International
              Press, Somerville, MA},
      YEAR = {2009},
     PAGES = {xii+396},
      ISBN = {978-0-8218-4836-4},
   MRCLASS = {53D40 (53D12 53D37)},
  MRNUMBER = {2553465 (2011c:53217)},
MRREVIEWER = {Michael J. Usher},
}

@inproceedings {Kontsevich_Homological_algebra_1995,
    AUTHOR = {Kontsevich, Maxim},
     TITLE = {Homological algebra of mirror symmetry},
 BOOKTITLE = {Proceedings of the {I}nternational {C}ongress of
              {M}athematicians, {V}ol.\ 1, 2 ({Z}\"urich, 1994)},
     PAGES = {120--139},
 PUBLISHER = {Birkh\"auser, Basel},
      YEAR = {1995},
   MRCLASS = {32J25 (14D07 14J32 18E30 32G05)},
  MRNUMBER = {1403918 (97f:32040)},
MRREVIEWER = {Claire Voisin},
}

@inproceedings {Fukaya_Morse_homotopy_1993,
    AUTHOR = {Fukaya, Kenji},
     TITLE = {Morse homotopy, {$A^\infty$}-category, and {F}loer
              homologies},
 BOOKTITLE = {Proceedings of {GARC} {W}orkshop on {G}eometry and {T}opology
              '93 ({S}eoul, 1993)},
    SERIES = {Lecture Notes Ser.},
    VOLUME = {18},
     PAGES = {1--102},
 PUBLISHER = {Seoul Nat. Univ., Seoul},
      YEAR = {1993},
   MRCLASS = {57R57 (55N35 57N10 58E05)},
  MRNUMBER = {1270931 (95e:57053)},
MRREVIEWER = {Karl Friedrich Siburg},
}

@article{Nishinou_Describing_2015,
	title={Describing tropical curves via algebraic geometry},
	author={Nishinou, Takeo},
	journal={arXiv preprint arXiv:1503.06435},
	year={2015}
}

@article{Ben-Bassat_Non-archimedean_2013,
  title={Non-Archimedean analytic geometry as relative algebraic geometry},
  author={Ben-Bassat, Oren and Kremnizer, Kobi},
  journal={arXiv preprint arXiv:1312.0338},
  year={2013}
}

@article {Auroux_Mirror_symmetry_anticanonical_2007,
    AUTHOR = {Auroux, Denis},
     TITLE = {Mirror symmetry and {$T$}-duality in the complement of an
              anticanonical divisor},
   JOURNAL = {J. G\"okova Geom. Topol. GGT},
  FJOURNAL = {Journal of G\"okova Geometry Topology. GGT},
    VOLUME = {1},
      YEAR = {2007},
     PAGES = {51--91},
      ISSN = {1935-2565},
   MRCLASS = {53D40 (14J32 14J45 53C38)},
  MRNUMBER = {2386535 (2009f:53141)},
MRREVIEWER = {Richard P. Thomas},
}

@book {Huber_Etale_1996,
    AUTHOR = {Huber, Roland},
     TITLE = {\'{E}tale cohomology of rigid analytic varieties and adic
              spaces},
    SERIES = {Aspects of Mathematics, E30},
 PUBLISHER = {Friedr. Vieweg \& Sohn, Braunschweig},
      YEAR = {1996},
     PAGES = {x+450},
      ISBN = {3-528-06794-2},
   MRCLASS = {14G22 (14F20)},
  MRNUMBER = {1734903 (2001c:14046)},
MRREVIEWER = {Lorenzo Ramero},
       DOI = {10.1007/978-3-663-09991-8},
       URL = {http://dx.doi.org/10.1007/978-3-663-09991-8},
}

@book {Fresnel_Rigid_2004,
    AUTHOR = {Fresnel, Jean and van der Put, Marius},
     TITLE = {Rigid analytic geometry and its applications},
    SERIES = {Progress in Mathematics},
    VOLUME = {218},
 PUBLISHER = {Birkh\"auser Boston, Inc., Boston, MA},
      YEAR = {2004},
     PAGES = {xii+296},
      ISBN = {0-8176-4206-4},
   MRCLASS = {14G22 (30G06 30H05 32P05)},
  MRNUMBER = {2014891 (2004i:14023)},
MRREVIEWER = {Lorenzo Ramero},
       DOI = {10.1007/978-1-4612-0041-3},
       URL = {http://dx.doi.org/10.1007/978-1-4612-0041-3},
}

@incollection {Schneider_Basic_1998,
    AUTHOR = {Schneider, Peter},
     TITLE = {Basic notions of rigid analytic geometry},
 BOOKTITLE = {Galois representations in arithmetic algebraic geometry
              ({D}urham, 1996)},
    SERIES = {London Math. Soc. Lecture Note Ser.},
    VOLUME = {254},
     PAGES = {369--378},
 PUBLISHER = {Cambridge Univ. Press, Cambridge},
      YEAR = {1998},
   MRCLASS = {14G22},
  MRNUMBER = {1696497 (2000d:14027)},
MRREVIEWER = {Qing Liu},
       DOI = {10.1017/CBO9780511662010.010},
       URL = {http://dx.doi.org/10.1017/CBO9780511662010.010},
}

@article {Nicaise_Formal_2008,
    AUTHOR = {Nicaise, Johannes},
     TITLE = {Formal and rigid geometry: an intuitive introduction and some
              applications},
   JOURNAL = {Enseign. Math. (2)},
  FJOURNAL = {L'Enseignement Math\'ematique. Revue Internationale. 2e
              S\'erie},
    VOLUME = {54},
      YEAR = {2008},
    NUMBER = {3-4},
     PAGES = {213--249},
      ISSN = {0013-8584},
     CODEN = {ENMAAR},
   MRCLASS = {14G22},
  MRNUMBER = {2478086 (2009k:14050)},
MRREVIEWER = {Alessandra Bertapelle},
}

@book {Fresnel_Geometrie_1981,
    AUTHOR = {Fresnel, Jean and van der Put, Marius},
     TITLE = {G\'eom\'etrie analytique rigide et applications},
    SERIES = {Progress in Mathematics},
    VOLUME = {18},
 PUBLISHER = {Birkh\"auser, Boston, Mass.},
      YEAR = {1981},
     PAGES = {xii+215},
      ISBN = {3-7643-3069-4},
   MRCLASS = {32-02 (12B40 14G20 32B99)},
  MRNUMBER = {644799 (83g:32001)},
MRREVIEWER = {W. Bartenwerfer},
}

@incollection {Gubler_Guide_2013,
    AUTHOR = {Gubler, Walter},
     TITLE = {A guide to tropicalizations},
 BOOKTITLE = {Algebraic and combinatorial aspects of tropical geometry},
    SERIES = {Contemp. Math.},
    VOLUME = {589},
     PAGES = {125--189},
 PUBLISHER = {Amer. Math. Soc., Providence, RI},
      YEAR = {2013},
   MRCLASS = {14T05 (14M25 32P05)},
  MRNUMBER = {3088913},
MRREVIEWER = {Aljo{\v{s}}a Peperko},
       DOI = {10.1090/conm/589/11745},
       URL = {http://dx.doi.org/10.1090/conm/589/11745},
}

@article {Bosch_Degenerating_1991,
    AUTHOR = {Bosch, Siegfried and L{\"u}tkebohmert, Werner},
     TITLE = {Degenerating abelian varieties},
   JOURNAL = {Topology},
  FJOURNAL = {Topology. An International Journal of Mathematics},
    VOLUME = {30},
      YEAR = {1991},
    NUMBER = {4},
     PAGES = {653--698},
      ISSN = {0040-9383},
     CODEN = {TPLGAF},
   MRCLASS = {14K15 (14K10)},
  MRNUMBER = {1133878 (92i:14043)},
MRREVIEWER = {Min Ho Lee},
       DOI = {10.1016/0040-9383(91)90045-6},
       URL = {http://dx.doi.org/10.1016/0040-9383(91)90045-6},
}

@article {Olsson_Logarithmic_2005,
    AUTHOR = {Olsson, Martin C.},
     TITLE = {The logarithmic cotangent complex},
   JOURNAL = {Math. Ann.},
  FJOURNAL = {Mathematische Annalen},
    VOLUME = {333},
      YEAR = {2005},
    NUMBER = {4},
     PAGES = {859--931},
      ISSN = {0025-5831},
     CODEN = {MAANA},
   MRCLASS = {14F05 (14D15 14F30)},
  MRNUMBER = {2195148 (2006j:14017)},
MRREVIEWER = {Samwel Dalalyan},
       DOI = {10.1007/s00208-005-0707-6},
       URL = {http://dx.doi.org/10.1007/s00208-005-0707-6},
}

@incollection {Kato_Logarithmic_1989,
    AUTHOR = {Kato, Kazuya},
     TITLE = {Logarithmic structures of {F}ontaine-{I}llusie},
 BOOKTITLE = {Algebraic analysis, geometry, and number theory ({B}altimore,
              {MD}, 1988)},
     PAGES = {191--224},
 PUBLISHER = {Johns Hopkins Univ. Press, Baltimore, MD},
      YEAR = {1989},
   MRCLASS = {14F30 (14G20)},
  MRNUMBER = {1463703 (99b:14020)},
MRREVIEWER = {Adolfo Quir{\'o}s},
}

@article {Kato_Log_smooth_deformation_curves_2000,
    AUTHOR = {Kato, Fumiharu},
     TITLE = {Log smooth deformation and moduli of log smooth curves},
   JOURNAL = {Internat. J. Math.},
  FJOURNAL = {International Journal of Mathematics},
    VOLUME = {11},
      YEAR = {2000},
    NUMBER = {2},
     PAGES = {215--232},
      ISSN = {0129-167X},
   MRCLASS = {14D22 (14H10)},
  MRNUMBER = {1754621 (2001d:14016)},
MRREVIEWER = {Samwel Dalalyan},
       DOI = {10.1142/S0129167X0000012X},
       URL = {http://dx.doi.org/10.1142/S0129167X0000012X},
}

@article {Kato_Log_smooth_deformation_1996,
    AUTHOR = {Kato, Fumiharu},
     TITLE = {Log smooth deformation theory},
   JOURNAL = {Tohoku Math. J. (2)},
  FJOURNAL = {The Tohoku Mathematical Journal. Second Series},
    VOLUME = {48},
      YEAR = {1996},
    NUMBER = {3},
     PAGES = {317--354},
      ISSN = {0040-8735},
     CODEN = {TOMJAM},
   MRCLASS = {14D15 (14M25)},
  MRNUMBER = {1404507 (99a:14012)},
       DOI = {10.2748/tmj/1178225336},
       URL = {http://dx.doi.org/10.2748/tmj/1178225336},
}


@article{Ulirsch_Geometric_2014,
  title={A geometric theory of non-Archimedean analytic stacks},
  author={Ulirsch, Martin},
  journal={arXiv preprint arXiv:1410.2216},
  year={2014}
}

@article {Behrend_Uniformization_2006,
    AUTHOR = {Behrend, Kai and Noohi, Behrang},
     TITLE = {Uniformization of {D}eligne-{M}umford curves},
   JOURNAL = {J. Reine Angew. Math.},
  FJOURNAL = {Journal f\"ur die Reine und Angewandte Mathematik. [Crelle's
              Journal]},
    VOLUME = {599},
      YEAR = {2006},
     PAGES = {111--153},
      ISSN = {0075-4102},
     CODEN = {JRMAA8},
   MRCLASS = {14D20 (14A20 14H30)},
  MRNUMBER = {2279100 (2007k:14017)},
MRREVIEWER = {Hsian-Hua Tseng},
       DOI = {10.1515/CRELLE.2006.080},
       URL = {http://dx.doi.org/10.1515/CRELLE.2006.080},
}

@article {Olsson_Sheaves_2007,
    AUTHOR = {Olsson, Martin},
     TITLE = {Sheaves on {A}rtin stacks},
   JOURNAL = {J. Reine Angew. Math.},
  FJOURNAL = {Journal f\"ur die Reine und Angewandte Mathematik. [Crelle's
              Journal]},
    VOLUME = {603},
      YEAR = {2007},
     PAGES = {55--112},
      ISSN = {0075-4102},
     CODEN = {JRMAA8},
   MRCLASS = {14A20 (14D20)},
  MRNUMBER = {2312554 (2008b:14002)},
MRREVIEWER = {Charles D. Cadman},
       DOI = {10.1515/CRELLE.2007.012},
       URL = {http://dx.doi.org/10.1515/CRELLE.2007.012},
}

@article{Gepner_Enriched_2013,
  title={Enriched $\infty$-categories via non-symmetric $\infty$-operads},
  author={Gepner, David and Haugseng, Rune},
  journal={arXiv preprint arXiv:1312.3178},
  year={2013}
}

@article{Houzel_Geometrie_1960,
	author = {Houzel, Christian},
	journal = {Séminaire Henri Cartan},
	keywords = {algebraic geometry},
	language = {fre},
	number = {2},
	pages = {1-22},
	publisher = {Secrétariat mathématique},
	title = {Géométrie analytique locale, {II}. Théorie des morphismes finis},
	url = {http://eudml.org/doc/112426},
	volume = {13},
	year = {1960-1961},
}

@book {Grauert_Theory_Stein_1979,
    AUTHOR = {Grauert, Hans and Remmert, Reinhold},
     TITLE = {Theory of {S}tein spaces},
    SERIES = {Grundlehren der Mathematischen Wissenschaften [Fundamental
              Principles of Mathematical Sciences]},
    VOLUME = {236},
      NOTE = {Translated from the German by Alan Huckleberry},
 PUBLISHER = {Springer-Verlag, Berlin-New York},
      YEAR = {1979},
     PAGES = {xxi+249},
      ISBN = {3-540-90388-7},
   MRCLASS = {32-01},
  MRNUMBER = {580152 (82d:32001)},
}

@incollection{
	Douady_Proper_1973,
	author={Douady, Adrien},
	title={Le théorème des images directes de {G}rauert [d'après {K}iehl-{V}erdier]},
	booktitle={Séminaire Bourbaki vol. 1971/72 Exposés 400–417},
	series={Lecture Notes in Mathematics},
	volume={317},
	year={1973},
	editor={Dold, A. and Eckmann, B.},
	isbn={978-3-540-06179-3},
	doi={10.1007/BFb0069277},
	url={http://dx.doi.org/10.1007/BFb0069277},
	publisher={Springer Berlin Heidelberg},
	pages={73-87},
	language={French}
}

@book{SGA4,
  author = {Artin, Michael and Grothendieck, Alexander and Verdier, Jean-Louis},
  title = {Th\'eorie de Topos et Cohomologie \'Etale des Sch\'emas {I}, {II}, {III}},
  year = {1971},
  publisher = {Springer},
  series = {Lecture Notes in Mathematics},
  volume = {269, 270, 305},
}

@article {Dugger_Hypercovers_2004,
    AUTHOR = {Dugger, Daniel and Hollander, Sharon and Isaksen, Daniel C.},
     TITLE = {Hypercovers and simplicial presheaves},
   JOURNAL = {Math. Proc. Cambridge Philos. Soc.},
  FJOURNAL = {Mathematical Proceedings of the Cambridge Philosophical
              Society},
    VOLUME = {136},
      YEAR = {2004},
    NUMBER = {1},
     PAGES = {9--51},
      ISSN = {0305-0041},
     CODEN = {MPCPCO},
   MRCLASS = {18F20 (55U35)},
  MRNUMBER = {2034012 (2004k:18007)},
MRREVIEWER = {Manuel Bullejos Lorenzo},
       DOI = {10.1017/S0305004103007175},
       URL = {http://dx.doi.org/10.1017/S0305004103007175},
}

@book {Hakim_Topos_1972,
    AUTHOR = {Hakim, Monique},
     TITLE = {Topos annel\'es et sch\'emas relatifs},
      NOTE = {Ergebnisse der Mathematik und ihrer Grenzgebiete, Band 64},
 PUBLISHER = {Springer-Verlag, Berlin-New York},
      YEAR = {1972},
     PAGES = {vi+160},
   MRCLASS = {14D20 (14F05)},
  MRNUMBER = {0364245 (51 \#500)},
MRREVIEWER = {M. Miyanishi},
}

@unpublished{DAG-XIII,
	Author = {Lurie, Jacob},
	Title = {{DAG XIII}: Rational and p-adic homotopy theory},
	Year = {2011},
	note = {Preprint},
	url = {http://www.math.harvard.edu/~lurie/papers/DAG-XIII.pdf}}

@unpublished{DAG-XII,
	Author = {Lurie, Jacob},
	Title = {{DAG XII}: Proper morphisms, completions and the {G}rothendieck existence theorem},
	Year = {2011},
	note = {Preprint},
	url = {http://www.math.harvard.edu/~lurie/papers/DAG-XII.pdf}}

@unpublished{DAG-IX,
	Author = {Lurie, Jacob},
	Title = {{DAG IX}: Closed Immersions},
	Year = {2011},
	note = {Preprint},
	url = {http://www.math.harvard.edu/~lurie/papers/DAG-IX.pdf}}


@unpublished{DAG-VIII,
	Author = {Lurie, Jacob},
	Title = {{DAG VIII}: Quasi-Coherent Sheaves and {T}annaka Duality Theorems},
	Year = {2011},
	note = {Preprint},
	url = {http://www.math.harvard.edu/~lurie/papers/DAG-VIII.pdf}}

@unpublished{Kontsevich_Non-archimedean_2002,
	Author = {Kontsevich, Maxim and Tschinkel, Yury},
	note = {In preparation},
	Title = {Non-archimedean {K}{\"a}hler geometry},
	Year = {2002}}
	
@unpublished{DAG-VII,
	Author = {Lurie, Jacob},
	Title = {{DAG VII}: Spectral Schemes},
	Year = {2011},
	note = {Preprint},
	url = {http://www.math.harvard.edu/~lurie/papers/DAG-VII.pdf}}

@unpublished{DAG-V,
	Author = {Lurie, Jacob},
	Title = {{DAG V}: Structured spaces},
	Year = {2011},
	note = {Preprint},
	url = {http://www.math.harvard.edu/~lurie/papers/DAG-V.pdf}}


@article {Thuillier_Geometrie_toroidale_2007,
    AUTHOR = {Thuillier, Amaury},
     TITLE = {G\'eom\'etrie toro\"\i dale et g\'eom\'etrie analytique non
              archim\'edienne. {A}pplication au type d'homotopie de certains
              sch\'emas formels},
   JOURNAL = {Manuscripta Math.},
  FJOURNAL = {Manuscripta Mathematica},
    VOLUME = {123},
      YEAR = {2007},
    NUMBER = {4},
     PAGES = {381--451},
      ISSN = {0025-2611},
     CODEN = {MSMHB2},
   MRCLASS = {14G22 (14E15 14M25)},
  MRNUMBER = {2320738 (2008g:14038)},
MRREVIEWER = {Alessandra Bertapelle},
       DOI = {10.1007/s00229-007-0094-2},
       URL = {http://dx.doi.org/10.1007/s00229-007-0094-2},
}

@article {Toen_Descente_2011,
    AUTHOR = {To{\"e}n, Bertrand},
     TITLE = {Descente fid\`element plate pour les {$n$}-champs d'{A}rtin},
   JOURNAL = {Compos. Math.},
  FJOURNAL = {Compositio Mathematica},
    VOLUME = {147},
      YEAR = {2011},
    NUMBER = {5},
     PAGES = {1382--1412},
      ISSN = {0010-437X},
   MRCLASS = {14A20 (14F20 14F43)},
  MRNUMBER = {2834725},
MRREVIEWER = {Sylvain Brochard},
       DOI = {10.1112/S0010437X10005245},
       URL = {http://dx.doi.org/10.1112/S0010437X10005245},
}

@article{Lurie_Tannaka_duality,
  title={Tannaka duality for geometric stacks},
  author={Lurie, Jacob},
  journal={arXiv preprint math/0412266},
  year={2004}
}

@article{Hall_GAGA_2011,
  title={Generalizing the {GAGA} Principle},
  author={Hall, Jack},
  journal={arXiv preprint arXiv:1101.5123},
  year={2011}
}

@article {Levy_Grauert_1987,
    AUTHOR = {Levy, R.},
     TITLE = {A new proof of the {G}rauert direct image theorem},
   JOURNAL = {Proc. Amer. Math. Soc.},
  FJOURNAL = {Proceedings of the American Mathematical Society},
    VOLUME = {99},
      YEAR = {1987},
    NUMBER = {3},
     PAGES = {535--542},
      ISSN = {0002-9939},
     CODEN = {PAMYAR},
   MRCLASS = {32C35 (32C15 46G20 46M20)},
  MRNUMBER = {875393 (88j:32012)},
MRREVIEWER = {Andrei Baran},
       DOI = {10.2307/2046358},
       URL = {http://dx.doi.org/10.2307/2046358},
}

@article {Forster_Knorr_1971,
    AUTHOR = {Forster, O. and Knorr, K.},
     TITLE = {Ein {B}eweis des {G}rauertschen {B}ildgarbensatzes nach
              {I}deen von {B}. {M}algrange},
   JOURNAL = {Manuscripta Math.},
  FJOURNAL = {Manuscripta Mathematica},
    VOLUME = {5},
      YEAR = {1971},
     PAGES = {19--44},
      ISSN = {0025-2611},
   MRCLASS = {32C35},
  MRNUMBER = {0308437 (46 \#7551)},
MRREVIEWER = {G. Trautmann},
}

@article {Kiehl_Verdier_1971,
    AUTHOR = {Kiehl, Reinhardt and Verdier, Jean-Louis},
     TITLE = {Ein einfacher {B}eweis des {K}oh\"arenzsatzes von {G}rauert},
   JOURNAL = {Math. Ann.},
  FJOURNAL = {Mathematische Annalen},
    VOLUME = {195},
      YEAR = {1971},
     PAGES = {24--50},
      ISSN = {0025-5831},
   MRCLASS = {32C35},
  MRNUMBER = {0306555 (46 \#5678)},
MRREVIEWER = {Gerd Fischer},
}

@article {Grauert_Theorem_der_analytischen_1960,
    AUTHOR = {Grauert, Hans},
     TITLE = {Ein {T}heorem der analytischen {G}arbentheorie und die
              {M}odulr\"aume komplexer {S}trukturen},
   JOURNAL = {Inst. Hautes \'Etudes Sci. Publ. Math.},
  FJOURNAL = {Institut des Hautes \'Etudes Scientifiques. Publications
              Math\'ematiques},
    NUMBER = {5},
      YEAR = {1960},
     PAGES = {64},
      ISSN = {0073-8301},
   MRCLASS = {57.00},
  MRNUMBER = {0121814 (22 \#12544)},
MRREVIEWER = {A. Douady},
}

@article {Serre_GAGA,
    AUTHOR = {Serre, Jean-Pierre},
     TITLE = {G\'eom\'etrie alg\'ebrique et g\'eom\'etrie analytique},
   JOURNAL = {Ann. Inst. Fourier, Grenoble},
  FJOURNAL = {Universit\'e de Grenoble. Annales de l'Institut Fourier},
    VOLUME = {6},
      YEAR = {1955--1956},
     PAGES = {1--42},
      ISSN = {0373-0956},
   MRCLASS = {53.3X},
  MRNUMBER = {0082175 (18,511a)},
MRREVIEWER = {H. Cartan},
}

@unpublished{
	Conrad_Cohomological,
	author = {B. Conrad}, 
	title = {Cohomological descent},
	note = {Preprint},
	year = {2003},
	url = {http://math.stanford.edu/~conrad/papers/hypercover.pdf}
}

@unpublished{Conrad_Formal_GAGA,
  author = {Conrad, Brian},
  title = {Formal {GAGA} for {A}rtin stacks},
  year = {2005},
  note = {Preprint},
  url = {http://math.stanford.edu/~conrad/papers/formalgaga.pdf},
}


@unpublished{Sq0,
  author = {Porta, Mauro and Vezzosi, Gabriele},
  title = {Infinitesimal and square-zero extensions of simplicial algebras},
  year = {2013},
  note = {Preprint},
  url = {https://arxiv.org/abs/1310.3573},
}


@unpublished{Conrad_Descent_for_coherent_2003,
  author = {Conrad, Brian},
  title = {Descent for coherent sheaves on rigid-analytic spaces},
  year = {2003},
  note = {Preprint},
  url = {http://math.stanford.edu/~conrad/papers/cohdescent.pdf},
}


@article {Houzel_Espaces_analytiques_relatifs_1973,
    AUTHOR = {Houzel, Christian},
     TITLE = {Espaces analytiques relatifs et th\'eor\`eme de finitude},
   JOURNAL = {Math. Ann.},
  FJOURNAL = {Mathematische Annalen},
    VOLUME = {205},
      YEAR = {1973},
     PAGES = {13--54},
      ISSN = {0025-5831},
   MRCLASS = {32C35},
  MRNUMBER = {0393552 (52 \#14361)},
MRREVIEWER = {Andrew Markoe},
}

@incollection {Houzel_Espaces_analytiques_rigides_1995,
    AUTHOR = {Houzel, Christian},
     TITLE = {Espaces analytiques rigides (d'apr\`es {R}. {K}iehl)},
 BOOKTITLE = {S\'eminaire {B}ourbaki, {V}ol.\ 10},
     PAGES = {Exp.\ No.\ 327, 215--235},
 PUBLISHER = {Soc. Math. France, Paris},
      YEAR = {1995},
   MRCLASS = {32P05},
  MRNUMBER = {1610409},
}

@article {Kiehl_Endlichkeitssatz_1967,
    AUTHOR = {Kiehl, Reinhardt},
     TITLE = {Der {E}ndlichkeitssatz f\"ur eigentliche {A}bbildungen in der
              nichtarchimedischen {F}unktionentheorie},
   JOURNAL = {Invent. Math.},
  FJOURNAL = {Inventiones Mathematicae},
    VOLUME = {2},
      YEAR = {1967},
     PAGES = {191--214},
      ISSN = {0020-9910},
   MRCLASS = {32.50 (12.70)},
  MRNUMBER = {0210948 (35 \#1833)},
MRREVIEWER = {A. F. Monna},
}

@article{Ducros_Families_2011,
  title={Families of {B}erkovich spaces},
  author={Ducros, Antoine},
  journal={arXiv preprint arXiv:1107.4259},
  year={2011}
}

@book {Knutson_Algebraic_spaces_1971,
    AUTHOR = {Knutson, Donald},
     TITLE = {Algebraic spaces},
    SERIES = {Lecture Notes in Mathematics, Vol. 203},
 PUBLISHER = {Springer-Verlag, Berlin-New York},
      YEAR = {1971},
     PAGES = {vi+261},
   MRCLASS = {14A20 (13J15 14F20)},
  MRNUMBER = {0302647 (46 \#1791)},
MRREVIEWER = {H. Kurke},
}


@article {Gathmann_Kontsevich_formula_2008,
    AUTHOR = {Gathmann, Andreas and Markwig, Hannah},
     TITLE = {Kontsevich's formula and the {WDVV} equations in tropical
              geometry},
   JOURNAL = {Adv. Math.},
  FJOURNAL = {Advances in Mathematics},
    VOLUME = {217},
      YEAR = {2008},
    NUMBER = {2},
     PAGES = {537--560},
      ISSN = {0001-8708},
     CODEN = {ADMTA4},
   MRCLASS = {14T05 (14N10 14N35)},
  MRNUMBER = {2370275 (2010i:14113)},
MRREVIEWER = {Yunfeng Jiang},
       DOI = {10.1016/j.aim.2007.08.004},
       URL = {http://dx.doi.org/10.1016/j.aim.2007.08.004},
}

@article {Gathmann_The_numbers_of_tropical_plane_curves_2007,
    AUTHOR = {Gathmann, Andreas and Markwig, Hannah},
     TITLE = {The numbers of tropical plane curves through points in general
              position},
   JOURNAL = {J. Reine Angew. Math.},
  FJOURNAL = {Journal f\"ur die Reine und Angewandte Mathematik. [Crelle's
              Journal]},
    VOLUME = {602},
      YEAR = {2007},
     PAGES = {155--177},
      ISSN = {0075-4102},
     CODEN = {JRMAA8},
   MRCLASS = {14P10 (14H10)},
  MRNUMBER = {2300455 (2008a:14073)},
MRREVIEWER = {Joseph P. Rusinko},
       DOI = {10.1515/CRELLE.2007.006},
       URL = {http://dx.doi.org/10.1515/CRELLE.2007.006},
}

@article {Gathmann_Tropical_fans_2009,
    AUTHOR = {Gathmann, Andreas and Kerber, Michael and Markwig, Hannah},
     TITLE = {Tropical fans and the moduli spaces of tropical curves},
   JOURNAL = {Compos. Math.},
  FJOURNAL = {Compositio Mathematica},
    VOLUME = {145},
      YEAR = {2009},
    NUMBER = {1},
     PAGES = {173--195},
      ISSN = {0010-437X},
   MRCLASS = {14N35 (14N10)},
  MRNUMBER = {2480499 (2009m:14085)},
MRREVIEWER = {Yunfeng Jiang},
       DOI = {10.1112/S0010437X08003837},
       URL = {http://dx.doi.org/10.1112/S0010437X08003837},
}

@article{Gubler_Skeletons_2014,
  title={Skeletons and tropicalizations},
  author={Gubler, Walter and Rabinoff, Joseph and Werner, Annette},
  journal={arXiv preprint arXiv:1404.7044},
  year={2014}
}

@article {Toen_Algebrisation_2008,
    AUTHOR = {To{\"e}n, Bertrand and Vaqui{\'e}, Michel},
     TITLE = {Alg\'ebrisation des vari\'et\'es analytiques complexes et
              cat\'egories d\'eriv\'ees},
   JOURNAL = {Math. Ann.},
  FJOURNAL = {Mathematische Annalen},
    VOLUME = {342},
      YEAR = {2008},
    NUMBER = {4},
     PAGES = {789--831},
      ISSN = {0025-5831},
     CODEN = {MAANA},
   MRCLASS = {18E30 (14A20 32C99)},
  MRNUMBER = {2443764 (2010b:18019)},
MRREVIEWER = {David A. Blanc},
       DOI = {10.1007/s00208-008-0257-9},
       URL = {http://dx.doi.org/10.1007/s00208-008-0257-9},
}

@article{Robalo_Noncommutative_motives_I,
  title={Noncommutative Motives I: A Universal Characterization of the Motivic Stable Homotopy Theory of Schemes},
  author={Robalo, Marco},
  journal={arXiv preprint arXiv:1206.3645},
  year={2012}
}

@unpublished{Demailly_Complex_analytic,
	Author = {Jean-Pierre Demailly},
	Date-Added = {2014-07-17 15:14:52 +0000},
	Date-Modified = {2014-07-17 15:15:31 +0000},
	Title = {Complex analytic and differential geometry}}

@unpublished{Milne_Lectures_on_etale_cohomology,
	Author = {James Milne},
	Date-Added = {2014-07-17 15:10:36 +0000},
	Date-Modified = {2014-07-17 15:12:04 +0000},
	Title = {Lectures on \'etale cohomology}}

@unpublished{Lurie_Higher_algebra,
	Author = {Jacob Lurie},
	Date-Added = {2014-07-17 15:06:08 +0000},
	Date-Modified = {2014-07-17 15:12:17 +0000},
	Month = {August},
	Title = {Higher Algebra},
	note = {Preprint},
	Year = {2012}}

@article{Gross_Logarithmic_2013,
	Author = {Gross, Mark and Siebert, Bernd},
	Date-Modified = {2014-07-17 15:05:46 +0000},
	Fjournal = {Journal of the American Mathematical Society},
	Issn = {0894-0347},
	Journal = {J. Amer. Math. Soc.},
	Mrclass = {14N35 (14D23)},
	Mrnumber = {3011419},
	Mrreviewer = {Hsian-Hua Tseng},
	Number = {2},
	Pages = {451--510},
	Title = {Logarithmic {G}romov-{W}itten invariants},
	Volume = {26},
	Year = {2013},
	Bdsk-Url-1 = {http://dx.doi.org/10.1090/S0894-0347-2012-00757-7}}

@article{Osserman_Lifting_2011,
	Author = {Osserman, Brian and Rabinoff, Joseph},
	Journal = {arXiv preprint arXiv:1109.5733},
	Title = {Lifting non-proper tropical intersections},
	Year = {2011}}

@article{Nishinou_Disk_2012,
	Author = {Nishinou, Takeo},
	Coden = {AJMAAN},
	Date-Modified = {2014-07-17 15:05:46 +0000},
	Fjournal = {American Journal of Mathematics},
	Issn = {0002-9327},
	Journal = {Amer. J. Math.},
	Mrclass = {14M25 (14N35 14T05 32Q65 53D12 53D37 53D40)},
	Mrnumber = {2999284},
	Mrreviewer = {Hsian-Hua Tseng},
	Number = {6},
	Pages = {1423--1472},
	Title = {Disk counting on toric varieties via tropical curves},
	Volume = {134},
	Year = {2012},
	Bdsk-Url-1 = {http://dx.doi.org/10.1353/ajm.2012.0043}}

@article{Nicaise_Essential_skeleton_2013,
	Author = {Nicaise, Johannes and Xu, Chenyang},
	Journal = {arXiv preprint arXiv:1307.4041},
	Title = {The essential skeleton of a degeneration of algebraic varieties},
	Year = {2013}}

@article{Mustata_Weight_functions_2012,
	Author = {Mustata, Mircea and Nicaise, Johannes},
	Journal = {arXiv preprint arXiv:1212.6328},
	Title = {Weight functions on non-archimedean analytic spaces and the {K}ontsevich-{S}oibelman skeleton},
	Year = {2012}}

@inproceedings{Ruan_Virtual_neighborhoods_1999,
	Author = {Ruan, Yongbin},
	Booktitle = {Proceedings of 6th {G}\"okova {G}eometry-{T}opology {C}onference},
	Fjournal = {Turkish Journal of Mathematics},
	Issn = {1300-0098},
	Journal = {Turkish J. Math.},
	Mrclass = {53D45 (53D40 57R58)},
	Mrnumber = {1701645 (2002b:53138)},
	Mrreviewer = {Ignasi Mundet-Riera},
	Number = {1},
	Pages = {161--231},
	Title = {Virtual neighborhoods and pseudo-holomorphic curves},
	Volume = {23},
	Year = {1999}}

@article{Ruan_Mathematical_theory_1995,
	Author = {Ruan, Yongbin and Tian, Gang},
	Coden = {JDGEAS},
	Date-Modified = {2014-07-17 15:05:46 +0000},
	Fjournal = {Journal of Differential Geometry},
	Issn = {0022-040X},
	Journal = {J. Differential Geom.},
	Mrclass = {58D29 (14C05 14N10 58D10)},
	Mrnumber = {1366548 (96m:58033)},
	Mrreviewer = {Bernd Siebert},
	Number = {2},
	Pages = {259--367},
	Title = {A mathematical theory of quantum cohomology},
	Volume = {42},
	Year = {1995},
	Bdsk-Url-1 = {http://projecteuclid.org/euclid.jdg/1214457234}}

@incollection{Siebert_Symplectic_1999,
	Author = {Siebert, Bernd},
	Booktitle = {New trends in algebraic geometry ({W}arwick, 1996)},
	Date-Modified = {2014-07-17 15:05:46 +0000},
	Mrclass = {53D45 (14N35 57R17)},
	Mrnumber = {1714832 (2002a:53115)},
	Mrreviewer = {Ignasi Mundet-Riera},
	Pages = {375--424},
	Publisher = {Cambridge Univ. Press, Cambridge},
	Series = {London Math. Soc. Lecture Note Ser.},
	Title = {Symplectic {G}romov-{W}itten invariants},
	Volume = {264},
	Year = {1999},
	Bdsk-Url-1 = {http://dx.doi.org/10.1017/CBO9780511721540.016}}

@article{Fukaya_Arnold_1999,
	Author = {Fukaya, Kenji and Ono, Kaoru},
	Coden = {TPLGAF},
	Date-Modified = {2014-07-17 15:05:46 +0000},
	Fjournal = {Topology. An International Journal of Mathematics},
	Issn = {0040-9383},
	Journal = {Topology},
	Mrclass = {53D45 (37J10 37J45 53D40 57R17 57R58)},
	Mrnumber = {1688434 (2000j:53116)},
	Mrreviewer = {David E. Hurtubise},
	Number = {5},
	Pages = {933--1048},
	Title = {Arnold conjecture and {G}romov-{W}itten invariant},
	Volume = {38},
	Year = {1999},
	Bdsk-Url-1 = {http://dx.doi.org/10.1016/S0040-9383(98)00042-1}}

@article{Li_Virtual_GW_algebraic_1998,
	Author = {Li, Jun and Tian, Gang},
	Date-Modified = {2014-07-17 15:05:46 +0000},
	Fjournal = {Journal of the American Mathematical Society},
	Issn = {0894-0347},
	Journal = {J. Amer. Math. Soc.},
	Mrclass = {14D20 (14D15 14N10)},
	Mrnumber = {1467172 (99d:14011)},
	Mrreviewer = {Ralph Martin Kaufmann},
	Number = {1},
	Pages = {119--174},
	Title = {Virtual moduli cycles and {G}romov-{W}itten invariants of algebraic varieties},
	Volume = {11},
	Year = {1998},
	Bdsk-Url-1 = {http://dx.doi.org/10.1090/S0894-0347-98-00250-1}}

@incollection{Li_Virtual_GW_symplectic_1998,
	Author = {Li, Jun and Tian, Gang},
	Booktitle = {Topics in symplectic {$4$}-manifolds ({I}rvine, {CA}, 1996)},
	Mrclass = {53D45 (53D35 57R17 57R57)},
	Mrnumber = {1635695 (2000d:53137)},
	Pages = {47--83},
	Publisher = {Int. Press, Cambridge, MA},
	Series = {First Int. Press Lect. Ser., I},
	Title = {Virtual moduli cycles and {G}romov-{W}itten invariants of general symplectic manifolds},
	Year = {1998}}

@article{Behrend_Gromov-Witten_1997,
	Author = {Behrend, K.},
	Coden = {INVMBH},
	Date-Modified = {2014-07-17 15:05:46 +0000},
	Fjournal = {Inventiones Mathematicae},
	Issn = {0020-9910},
	Journal = {Invent. Math.},
	Mrclass = {14D20 (14C25 14D22)},
	Mrnumber = {1431140 (98i:14015)},
	Mrreviewer = {Barbara Fantechi},
	Number = {3},
	Pages = {601--617},
	Title = {Gromov-{W}itten invariants in algebraic geometry},
	Volume = {127},
	Year = {1997},
	Bdsk-Url-1 = {http://dx.doi.org/10.1007/s002220050132}}

@article{Simpson_Algebraic_1996,
	Author = {Simpson, Carlos},
	Journal = {arXiv preprint alg-geom/9609014},
	Title = {Algebraic (geometric) $ n $-stacks},
	Year = {1996}}

@book{Hirschhorn_Model_2003,
	Author = {Hirschhorn, Philip S.},
	Isbn = {0-8218-3279-4},
	Mrclass = {18G55 (55P60 55U35)},
	Mrnumber = {1944041 (2003j:18018)},
	Mrreviewer = {David A. Blanc},
	Pages = {xvi+457},
	Publisher = {American Mathematical Society, Providence, RI},
	Series = {Mathematical Surveys and Monographs},
	Title = {Model categories and their localizations},
	Volume = {99},
	Year = {2003}}

@article{Hollander_Homotopy_2008,
	Author = {Hollander, Sharon},
	Coden = {ISJMAP},
	Date-Modified = {2014-07-17 15:05:46 +0000},
	Fjournal = {Israel Journal of Mathematics},
	Issn = {0021-2172},
	Journal = {Israel J. Math.},
	Mrclass = {18G55 (14A20 18D30 55U35)},
	Mrnumber = {2391126 (2009e:18027)},
	Mrreviewer = {Mark W. Johnson},
	Pages = {93--124},
	Title = {A homotopy theory for stacks},
	Volume = {163},
	Year = {2008},
	Bdsk-Url-1 = {http://dx.doi.org/10.1007/s11856-008-0006-5}}

@article{HAG-II,
	Author = {To{\"e}n, Bertrand and Vezzosi, Gabriele},
	Coden = {MAMCAU},
	Date-Modified = {2014-07-17 15:05:46 +0000},
	Fjournal = {Memoirs of the American Mathematical Society},
	Issn = {0065-9266},
	Journal = {Mem. Amer. Math. Soc.},
	Mrclass = {14A20 (18F10 18F20 18G55 55P42 55U40)},
	Mrnumber = {2394633 (2009h:14004)},
	Mrreviewer = {Paul Arne {\O}stv{\ae}r},
	Number = {902},
	Pages = {x+224},
	Title = {Homotopical algebraic geometry. {II}. {G}eometric stacks and applications},
	Volume = {193},
	Year = {2008},
	Bdsk-Url-1 = {http://dx.doi.org/10.1090/memo/0902}}

@article{HAG-I,
	Author = {To{\"e}n, Bertrand and Vezzosi, Gabriele},
	Coden = {ADMTA4},
	Date-Modified = {2014-07-17 15:05:46 +0000},
	Fjournal = {Advances in Mathematics},
	Issn = {0001-8708},
	Journal = {Adv. Math.},
	Mrclass = {14F20 (18F20 18G55 55U40)},
	Mrnumber = {2137288 (2007b:14038)},
	Mrreviewer = {Paul Arne {\O}stv{\ae}r},
	Number = {2},
	Pages = {257--372},
	Title = {Homotopical algebraic geometry. {I}. {T}opos theory},
	Volume = {193},
	Year = {2005},
	Bdsk-Url-1 = {http://dx.doi.org/10.1016/j.aim.2004.05.004}}

@book{HTT,
	Author = {Lurie, Jacob},
	Isbn = {978-0-691-14049-0; 0-691-14049-9},
	Mrclass = {18-02 (18B25 18E35 18G30 18G55 55U40)},
	Mrnumber = {2522659 (2010j:18001)},
	Mrreviewer = {Mark Hovey},
	Pages = {xviii+925},
	Publisher = {Princeton University Press, Princeton, NJ},
	Series = {Annals of Mathematics Studies},
	Title = {Higher topos theory},
	Volume = {170},
	Year = {2009}}

@incollection{Vistoli_Grothendieck_2005,
	Author = {Vistoli, Angelo},
	Booktitle = {Fundamental algebraic geometry},
	Mrclass = {14F20 (14A20)},
	Mrnumber = {2223406},
	Pages = {1--104},
	Publisher = {Amer. Math. Soc., Providence, RI},
	Series = {Math. Surveys Monogr.},
	Title = {Grothendieck topologies, fibered categories and descent theory},
	Volume = {123},
	Year = {2005}}

@article{Bryan_Generating_1999,
	Author = {Bryan, Jim and Leung, Naichung Conan},
	Coden = {DUMJAO},
	Date-Modified = {2014-07-17 15:05:46 +0000},
	Fjournal = {Duke Mathematical Journal},
	Issn = {0012-7094},
	Journal = {Duke Math. J.},
	Mrclass = {14N10 (11F23 14J25)},
	Mrnumber = {1708022 (2000m:14052)},
	Mrreviewer = {Andreas Gathmann},
	Number = {2},
	Pages = {311--328},
	Title = {Generating functions for the number of curves on abelian surfaces},
	Volume = {99},
	Year = {1999},
	Bdsk-Url-1 = {http://dx.doi.org/10.1215/S0012-7094-99-09911-8}}

@article{Gottsche_conjectural_1998,
	Author = {G{\"o}ttsche, Lothar},
	Coden = {CMPHAY},
	Date-Modified = {2014-07-17 15:05:46 +0000},
	Fjournal = {Communications in Mathematical Physics},
	Issn = {0010-3616},
	Journal = {Comm. Math. Phys.},
	Mrclass = {14N10 (11F23 14C05 14H20 14N15)},
	Mrnumber = {1645204 (2000f:14085)},
	Mrreviewer = {Allen B. Altman},
	Number = {3},
	Pages = {523--533},
	Title = {A conjectural generating function for numbers of curves on surfaces},
	Volume = {196},
	Year = {1998},
	Bdsk-Url-1 = {http://dx.doi.org/10.1007/s002200050434}}

@article{Cavalieri_Tropical_Hurwitz_2010,
	Author = {Cavalieri, Renzo and Johnson, Paul and Markwig, Hannah},
	Coden = {JAOME7},
	Date-Modified = {2014-07-17 15:05:46 +0000},
	Fjournal = {Journal of Algebraic Combinatorics. An International Journal},
	Issn = {0925-9899},
	Journal = {J. Algebraic Combin.},
	Mrclass = {14N10 (14T05)},
	Mrnumber = {2661417 (2011m:14089)},
	Mrreviewer = {Ethan G. Cotterill},
	Number = {2},
	Pages = {241--265},
	Title = {Tropical {H}urwitz numbers},
	Volume = {32},
	Year = {2010},
	Bdsk-Url-1 = {http://dx.doi.org/10.1007/s10801-009-0213-0}}

@article{Bertrand_Tropical_open_Hurwitz_2011,
	Author = {Bertrand, Beno{\^{\i}}t and Brugall{\'e}, Erwan and Mikhalkin, Grigory},
	Date-Modified = {2014-07-17 15:05:46 +0000},
	Fjournal = {Rendiconti del Seminario Matematico della Universit\`a di Padova. Mathematical Journal of the University of Padua},
	Isbn = {978-88-7784-329-6},
	Issn = {0041-8994},
	Journal = {Rend. Semin. Mat. Univ. Padova},
	Mrclass = {14H30 (14T05)},
	Mrnumber = {2866125},
	Mrreviewer = {Thomas E. Markwig},
	Pages = {157--171},
	Title = {Tropical open {H}urwitz numbers},
	Volume = {125},
	Year = {2011},
	Bdsk-Url-1 = {http://dx.doi.org/10.4171/RSMUP/125-10}}

@article{Nishinou_Correspondence_2009,
	Author = {Nishinou, Takeo},
	Journal = {arXiv preprint arXiv:0912.5090},
	Title = {Correspondence theorems for tropical curves},
	Year = {2009}}

@article{Gross_Tropical_vertex_2010,
	Author = {Gross, Mark and Pandharipande, Rahul and Siebert, Bernd},
	Coden = {DUMJAO},
	Date-Modified = {2014-07-17 15:05:46 +0000},
	Fjournal = {Duke Mathematical Journal},
	Issn = {0012-7094},
	Journal = {Duke Math. J.},
	Mrclass = {14N35 (14T05 53D45)},
	Mrnumber = {2667135 (2011f:14093)},
	Mrreviewer = {Hsian-Hua Tseng},
	Number = {2},
	Pages = {297--362},
	Title = {The tropical vertex},
	Volume = {153},
	Year = {2010},
	Bdsk-Url-1 = {http://dx.doi.org/10.1215/00127094-2010-025}}

@article{Gross_Quivers_2010,
	Author = {Gross, Mark and Pandharipande, Rahul},
	Date-Modified = {2014-07-17 15:05:46 +0000},
	Fjournal = {Portugaliae Mathematica. A Journal of the Portuguese Mathematical Society},
	Issn = {0032-5155},
	Journal = {Port. Math.},
	Mrclass = {14N35 (14T05)},
	Mrnumber = {2662867 (2011g:14122)},
	Mrreviewer = {Ada Boralevi},
	Number = {2},
	Pages = {211--259},
	Title = {Quivers, curves, and the tropical vertex},
	Volume = {67},
	Year = {2010},
	Bdsk-Url-1 = {http://dx.doi.org/10.4171/PM/1865}}

@incollection{Toen_Higher_global_2009,
	Author = {To{\"e}n, Bertrand},
	Booktitle = {Algebraic geometry---{S}eattle 2005. {P}art 1},
	Date-Modified = {2014-07-17 15:05:46 +0000},
	Mrclass = {14D23 (18E30)},
	Mrnumber = {2483943 (2010h:14021)},
	Mrreviewer = {David A. Blanc},
	Pages = {435--487},
	Publisher = {Amer. Math. Soc., Providence, RI},
	Series = {Proc. Sympos. Pure Math.},
	Title = {Higher and derived stacks: a global overview},
	Volume = {80},
	Year = {2009},
	Bdsk-Url-1 = {http://dx.doi.org/10.1090/pspum/080.1/2483943}}

@article{Gerritzen_non-archimedean_1972,
	Author = {Gerritzen, L.},
	Fjournal = {Mathematische Annalen},
	Issn = {0025-5831},
	Journal = {Math. Ann.},
	Mrclass = {14K25 (14K20 32K10)},
	Mrnumber = {0308132 (46 \#7247)},
	Mrreviewer = {D. Lieberman},
	Pages = {323--346},
	Title = {On non-{A}rchimedean representations of abelian varieties},
	Volume = {196},
	Year = {1972}}

@article{Tyomkin_Tropical_2012,
	Author = {Tyomkin, Ilya},
	Date-Modified = {2014-07-17 15:05:46 +0000},
	Fjournal = {Mathematische Annalen},
	Issn = {0025-5831},
	Journal = {Math. Ann.},
	Mrclass = {14T05 (14A20 14D23 14N10)},
	Mrnumber = {2923954},
	Mrreviewer = {Joaquim Ro{\'e}},
	Number = {3},
	Pages = {945--995},
	Title = {Tropical geometry and correspondence theorems via toric stacks},
	Volume = {353},
	Year = {2012},
	Bdsk-Url-1 = {http://dx.doi.org/10.1007/s00208-011-0702-z}}

@article{Mumford_Analytic_1972,
	Author = {Mumford, David},
	Fjournal = {Compositio Mathematica},
	Issn = {0010-437X},
	Journal = {Compositio Math.},
	Mrclass = {14K20},
	Mrnumber = {0352106 (50 \#4593)},
	Mrreviewer = {I. Dolgacev},
	Pages = {239--272},
	Title = {An analytic construction of degenerating abelian varieties over complete rings},
	Volume = {24},
	Year = {1972}}

@article{Ducros_Espaces_de_Berkovich_polytopes_2012,
	Author = {Ducros, Antoine},
	Date-Modified = {2014-07-17 15:05:46 +0000},
	Fjournal = {Confluentes Mathematici},
	Issn = {1793-7442},
	Journal = {Confluentes Math.},
	Mrclass = {32P05 (03C98 12J25 14G22)},
	Mrnumber = {3020334},
	Mrreviewer = {Markus Junker},
	Number = {4},
	Pages = {1250007, 57},
	Title = {Espaces de {B}erkovich, polytopes, squelettes et th\'eorie des mod\`eles},
	Volume = {4},
	Year = {2012},
	Bdsk-Url-1 = {http://dx.doi.org/10.1142/S1793744212500077}}

@incollection{Chambert-Loir_Heights_2011,
	Author = {Chambert-Loir, Antoine},
	Booktitle = {Motivic integration and its interactions with model theory and non-{A}rchimedean geometry. {V}olume {II}},
	Mrclass = {14G22},
	Mrnumber = {2885340},
	Pages = {1--50},
	Publisher = {Cambridge Univ. Press, Cambridge},
	Series = {London Math. Soc. Lecture Note Ser.},
	Title = {Heights and measures on analytic spaces. {A} survey of recent results, and some remarks},
	Volume = {384},
	Year = {2011}}

@article{Chambert-Loir_Mesures_2006,
	Author = {Chambert-Loir, Antoine},
	Coden = {JRMAA8},
	Date-Modified = {2014-07-17 15:05:46 +0000},
	Fjournal = {Journal f\"ur die Reine und Angewandte Mathematik. [Crelle's Journal]},
	Issn = {0075-4102},
	Journal = {J. Reine Angew. Math.},
	Mrclass = {14G40 (14G25)},
	Mrnumber = {2244803 (2008b:14040)},
	Pages = {215--235},
	Title = {Mesures et \'equidistribution sur les espaces de {B}erkovich},
	Volume = {595},
	Year = {2006},
	Bdsk-Url-1 = {http://dx.doi.org/10.1515/CRELLE.2006.049}}

@article{Zhang_Positive_line_bundles_1995,
	Author = {Zhang, Shouwu},
	Date-Modified = {2014-07-17 15:05:46 +0000},
	Fjournal = {Journal of the American Mathematical Society},
	Issn = {0894-0347},
	Journal = {J. Amer. Math. Soc.},
	Mrclass = {14G40 (11G35 14G05)},
	Mrnumber = {1254133 (95c:14020)},
	Mrreviewer = {Bruce Hunt},
	Number = {1},
	Pages = {187--221},
	Title = {Positive line bundles on arithmetic varieties},
	Volume = {8},
	Year = {1995},
	Bdsk-Url-1 = {http://dx.doi.org/10.2307/2152886}}

@book{Bosch_Non-archimedean_1984,
	Author = {Bosch, S. and G{\"u}ntzer, U. and Remmert, R.},
	Isbn = {3-540-12546-9},
	Mrclass = {32K10 (30G05 46P05)},
	Mrnumber = {746961 (86b:32031)},
	Mrreviewer = {W. Bartenwerfer},
	Note = {A systematic approach to rigid analytic geometry},
	Pages = {xii+436},
	Publisher = {Springer-Verlag, Berlin},
	Series = {Grundlehren der Mathematischen Wissenschaften [Fundamental Principles of Mathematical Sciences]},
	Title = {Non-{A}rchimedean analysis},
	Volume = {261},
	Year = {1984}}

@article{Gubler_Local_heights_1998,
	Author = {Gubler, Walter},
	Coden = {JRMAA8},
	Date-Modified = {2014-07-17 15:05:46 +0000},
	Fjournal = {Journal f\"ur die Reine und Angewandte Mathematik},
	Issn = {0075-4102},
	Journal = {J. Reine Angew. Math.},
	Mrclass = {14G20 (11G25 14D15 14G40)},
	Mrnumber = {1629925 (99j:14022)},
	Mrreviewer = {J{\"o}rg Jahnel},
	Pages = {61--113},
	Title = {Local heights of subvarieties over non-{A}rchimedean fields},
	Volume = {498},
	Year = {1998},
	Bdsk-Url-1 = {http://dx.doi.org/10.1515/crll.1998.054}}

@inproceedings{Baker_Structure_2013,
	Author = {Baker, Matthew and Payne, Sam and Rabinoff, Joseph},
	Booktitle = {Tropical and Non-archimedean Geometry},
	Date-Modified = {2014-07-17 15:05:46 +0000},
	Isbn = {9781470410216},
	Lccn = {2013027062},
	Pages = {93--121},
	Publisher = {Amer. Math. Soc., Providence, RI},
	Series = {Contemp. Math.},
	Title = {On the structure of nonarchimedean analytic curves},
	Volume = {605},
	Year = {2013},
	Bdsk-Url-1 = {http://books.google.fr/books?id=IbQCAQAAQBAJ}}

@article{Nishinou_Toric_2006,
	Author = {Nishinou, Takeo and Siebert, Bernd},
	Coden = {DUMJAO},
	Date-Modified = {2014-07-17 15:05:46 +0000},
	Fjournal = {Duke Mathematical Journal},
	Issn = {0012-7094},
	Journal = {Duke Math. J.},
	Mrclass = {14N10 (14M25 14N35)},
	Mrnumber = {2259922 (2007h:14083)},
	Mrreviewer = {Diego Matessi},
	Number = {1},
	Pages = {1--51},
	Title = {Toric degenerations of toric varieties and tropical curves},
	Volume = {135},
	Year = {2006},
	Bdsk-Url-1 = {http://dx.doi.org/10.1215/S0012-7094-06-13511-1}}

@book{Berkovich_Spectral_1990,
	Author = {Berkovich, Vladimir G.},
	Isbn = {0-8218-1534-2},
	Mrclass = {32P05 (32C15 32C37 46S10 47S10)},
	Mrnumber = {1070709 (91k:32038)},
	Mrreviewer = {W. Bartenwerfer},
	Pages = {x+169},
	Publisher = {American Mathematical Society, Providence, RI},
	Series = {Mathematical Surveys and Monographs},
	Title = {Spectral theory and analytic geometry over non-{A}rchimedean fields},
	Volume = {33},
	Year = {1990}}

@article{Chambert-Loir_Formes_2012,
	Author = {Chambert-Loir, Antoine and Ducros, Antoine},
	Date-Modified = {2014-04-06 09:46:18 +0000},
	Journal = {arXiv preprint arXiv:1204.6277},
	Title = {Formes diff\'erentielles r\'eelles et courants sur les espaces de Berkovich},
	Year = {2012}}

@article{Baker_Nonarchimedean_2011,
	Author = {Baker, Matthew and Payne, Sam and Rabinoff, Joseph},
	Date-Modified = {2014-04-06 09:52:14 +0000},
	Journal = {arXiv preprint arXiv:1104.0320},
	Title = {Nonarchimedean geometry, tropicalization, and metrics on curves},
	Year = {2011}}

@article{Speyer_Uniformizing_2007,
	Author = {Speyer, David E},
	Date-Modified = {2014-04-06 10:01:55 +0000},
	Journal = {arXiv preprint arXiv:0711.2677},
	Title = {Uniformizing tropical curves {I}: genus zero and one},
	Year = {2007}}

@book{Arbarello_Geometry_1985,
	Address = {New York},
	Author = {Arbarello, E. and Cornalba, M. and Griffiths, P. A. and Harris, J.},
	Date-Modified = {2014-04-06 09:48:34 +0000},
	Isbn = {0-387-90997-4},
	Mrclass = {14Hxx (14-02)},
	Mrnumber = {770932 (86h:14019)},
	Mrreviewer = {Werner Kleinert},
	Pages = {xvi+386},
	Publisher = {Springer-Verlag},
	Series = {Grundlehren der Mathematischen Wissenschaften [Fundamental Principles of Mathematical Sciences]},
	Title = {Geometry of algebraic curves. {V}ol. {I}},
	Volume = {267},
	Year = {1985}}

@article{Mikhalkin_Enumerative_2005,
	Author = {Mikhalkin, Grigory},
	Date-Modified = {2014-07-17 15:05:46 +0000},
	Fjournal = {Journal of the American Mathematical Society},
	Issn = {0894-0347},
	Journal = {J. Amer. Math. Soc.},
	Mrclass = {14N10 (05A99 14N35 52B70)},
	Mrnumber = {2137980 (2006b:14097)},
	Mrreviewer = {Charles D. Cadman},
	Number = {2},
	Pages = {313--377},
	Title = {Enumerative tropical algebraic geometry in {$\Bbb R^2$}},
	Volume = {18},
	Year = {2005},
	Bdsk-Url-1 = {http://dx.doi.org/10.1090/S0894-0347-05-00477-7}}

@article{Berkovich_Vanishing_II_1996,
	Author = {Berkovich, Vladimir G.},
	Coden = {INVMBH},
	Date-Modified = {2014-07-17 15:05:46 +0000},
	Fjournal = {Inventiones Mathematicae},
	Issn = {0020-9910},
	Journal = {Invent. Math.},
	Mrclass = {14G40 (14C25)},
	Mrnumber = {1395723 (98k:14031)},
	Number = {2},
	Pages = {367--390},
	Title = {Vanishing cycles for formal schemes. {II}},
	Volume = {125},
	Year = {1996},
	Bdsk-Url-1 = {http://dx.doi.org/10.1007/s002220050078}}

@book{SGA7-2,
	Address = {Berlin},
	Author = {Grothendieck, Alexander},
	Mrclass = {14-06},
	Mrnumber = {0354657 (50 \#7135)},
	Note = {S{\'e}minaire de G{\'e}om{\'e}trie Alg{\'e}brique du Bois-Marie 1967--1969 (SGA 7 {II}), Dirig{\'e} par P. Deligne et N. Katz},
	Pages = {x+438},
	Publisher = {Springer-Verlag},
	Series = {Lecture Notes in Mathematics, Vol. 340},
	Title = {Groupes de monodromie en g\'eom\'etrie alg\'ebrique. {II}},
	Year = {1973}}

@article{Berkovich_Smooth_1999,
	Author = {Berkovich, Vladimir G.},
	Coden = {INVMBH},
	Date-Modified = {2014-07-17 15:05:46 +0000},
	Fjournal = {Inventiones Mathematicae},
	Issn = {0020-9910},
	Journal = {Invent. Math.},
	Mrclass = {14G22},
	Mrnumber = {1702143 (2000i:14028)},
	Mrreviewer = {Lorenzo Ramero},
	Number = {1},
	Pages = {1--84},
	Title = {Smooth {$p$}-adic analytic spaces are locally contractible},
	Volume = {137},
	Year = {1999},
	Bdsk-Url-1 = {http://dx.doi.org/10.1007/s002220050323}}

@article{Berkovich_Vanishing_1994,
	Author = {Berkovich, Vladimir G.},
	Coden = {INVMBH},
	Date-Modified = {2014-07-17 15:05:46 +0000},
	Fjournal = {Inventiones Mathematicae},
	Issn = {0020-9910},
	Journal = {Invent. Math.},
	Mrclass = {14F20 (14D15 14G20 32C18 32P05)},
	Mrnumber = {1262943 (95f:14034)},
	Mrreviewer = {W. Bartenwerfer},
	Number = {3},
	Pages = {539--571},
	Title = {Vanishing cycles for formal schemes},
	Volume = {115},
	Year = {1994},
	Bdsk-Url-1 = {http://dx.doi.org/10.1007/BF01231772}}

@article{Dat_Nearby_2012,
	Author = {Dat, Jean-Fran{\c{c}}ois},
	Date-Modified = {2014-04-06 09:37:58 +0000},
	Fjournal = {Mathematical Research Letters},
	Issn = {1073-2780},
	Journal = {Math. Res. Lett.},
	Mrclass = {14G22 (11S37 14F20)},
	Mrnumber = {2923183},
	Mrreviewer = {Ana Jerem{\'{\i}}as L{\'o}pez},
	Number = {1},
	Pages = {165--173},
	Title = {A lemma on nearby cycles and its application to the tame {L}ubin-{T}ate space},
	Volume = {19},
	Year = {2012}}

@article{Matsusaka_Criteria_1957,
	Author = {Matsusaka, T.},
	Date-Modified = {2014-04-06 09:58:12 +0000},
	Fjournal = {American Journal of Mathematics},
	Issn = {0002-9327},
	Journal = {Amer. J. Math.},
	Mrclass = {14.0X},
	Mrnumber = {0082730 (18,602a)},
	Mrreviewer = {P. Samuel},
	Pages = {53--66},
	Title = {The criteria for algebraic equivalence and the torsion group},
	Volume = {79},
	Year = {1957}}

@article{Rapoport_Lokale_1982,
	Author = {Rapoport, M. and Zink, Th.},
	Coden = {INVMBH},
	Date-Modified = {2014-07-17 15:05:46 +0000},
	Fjournal = {Inventiones Mathematicae},
	Issn = {0020-9910},
	Journal = {Invent. Math.},
	Mrclass = {14G10 (10D35 10D40 12A67 14K15)},
	Mrnumber = {666636 (84i:14016)},
	Mrreviewer = {J. S. Milne},
	Number = {1},
	Pages = {21--101},
	Title = {\"{U}ber die lokale {Z}etafunktion von {S}himuravariet\"aten. {M}onodromiefiltration und verschwindende {Z}yklen in ungleicher {C}harakteristik},
	Volume = {68},
	Year = {1982},
	Bdsk-Url-1 = {http://dx.doi.org/10.1007/BF01394268}}

@article{Atiyah_Analytic_1958,
	Author = {Atiyah, M. F.},
	Date-Modified = {2014-04-06 09:53:13 +0000},
	Fjournal = {Proceedings of the Royal Society. London. Series A. Mathematical, Physical and Engineering Sciences},
	Issn = {0962-8444},
	Journal = {Proc. Roy. Soc. London. Ser. A},
	Mrclass = {32.00},
	Mrnumber = {0095974 (20 \#2472)},
	Mrreviewer = {E. Calabi},
	Pages = {237--244},
	Title = {On analytic surfaces with double points},
	Volume = {247},
	Year = {1958}}

@book{Bosch_Lectures_2014,
	Author = {Bosch, S.},
	Date-Modified = {2014-07-17 15:05:46 +0000},
	Isbn = {9783319044163},
	Publisher = {Springer International Publishing},
	Series = {Lecture Notes in Mathematics},
	Title = {Lectures on Formal and Rigid Geometry},
	Year = {2014},
	Bdsk-Url-1 = {http://books.google.fr/books?id=FKPjngEACAAJ}}

@book{Laumon_Champs_2000,
	Author = {Laumon, G{\'e}rard and Moret-Bailly, Laurent},
	Date-Modified = {2014-04-06 09:41:49 +0000},
	Isbn = {3-540-65761-4},
	Mrclass = {14A20 (14D20)},
	Mrnumber = {1771927 (2001f:14006)},
	Mrreviewer = {Dan Edidin},
	Pages = {xii+208},
	Publisher = {Springer-Verlag, Berlin},
	Series = {Ergebnisse der Mathematik und ihrer Grenzgebiete. 3. Folge. A Series of Modern Surveys in Mathematics},
	Title = {Champs alg\'ebriques},
	Volume = {39},
	Year = {2000}}

@article{Einsiedler_Non-archimedean_2006,
	Author = {Einsiedler, Manfred and Kapranov, Mikhail and Lind, Douglas},
	Coden = {JRMAA8},
	Date-Modified = {2014-07-17 15:05:46 +0000},
	Fjournal = {Journal f\"ur die Reine und Angewandte Mathematik. [Crelle's Journal]},
	Issn = {0075-4102},
	Journal = {J. Reine Angew. Math.},
	Mrclass = {14G20 (14P05 28D20 32A60 52B20)},
	Mrnumber = {2289207 (2007k:14038)},
	Mrreviewer = {Thomas Ward},
	Pages = {139--157},
	Title = {Non-{A}rchimedean amoebas and tropical varieties},
	Volume = {601},
	Year = {2006},
	Bdsk-Url-1 = {http://dx.doi.org/10.1515/CRELLE.2006.097}}

@article{Gubler_Tropical_2007,
	Author = {Gubler, Walter},
	Coden = {INVMBH},
	Date-Modified = {2014-07-17 15:05:46 +0000},
	Fjournal = {Inventiones Mathematicae},
	Issn = {0020-9910},
	Journal = {Invent. Math.},
	Mrclass = {14K05 (11G50 14G40)},
	Mrnumber = {2318559 (2008k:14085)},
	Mrreviewer = {J{\"o}rg Jahnel},
	Number = {2},
	Pages = {321--376},
	Title = {Tropical varieties for non-{A}rchimedean analytic spaces},
	Volume = {169},
	Year = {2007},
	Bdsk-Url-1 = {http://dx.doi.org/10.1007/s00222-007-0048-z}}

@phdthesis{Thuillier_Potentiel_2005,
	Author = {Amaury Thuillier},
	Date-Modified = {2014-04-06 09:59:20 +0000},
	School = {Universit\'e de Rennes 1},
	Title = {Th\'eorie du potentiel sur les courbes en g\'eom\'etrie analytique non archim\'edienne. Applications \`a la th\'eorie d'Arakelov},
	Year = {2005}}

@phdthesis{Lurie_Thesis,
	Author = {Lurie, Jacob},
	School = {Massachusetts Institute of Technology},
	Title = {Derived algebraic geometry},
	Year = {2004}}

@book{Hummel_Gromov_1997,
	Author = {Hummel, Christoph},
	Date-Modified = {2014-07-17 15:05:46 +0000},
	Isbn = {3-7643-5735-5},
	Mrclass = {58D15 (58D27 58F05)},
	Mrnumber = {1451624 (98k:58032)},
	Mrreviewer = {Bernd Siebert},
	Pages = {viii+131},
	Publisher = {Birkh\"auser Verlag, Basel},
	Series = {Progress in Mathematics},
	Title = {Gromov's compactness theorem for pseudo-holomorphic curves},
	Volume = {151},
	Year = {1997},
	Bdsk-Url-1 = {http://dx.doi.org/10.1007/978-3-0348-8952-0}}

@article{Ye_Gromov_1994,
	Author = {Ye, Rugang},
	Coden = {TAMTAM},
	Date-Modified = {2014-07-17 15:05:46 +0000},
	Fjournal = {Transactions of the American Mathematical Society},
	Issn = {0002-9947},
	Journal = {Trans. Amer. Math. Soc.},
	Mrclass = {58E12 (53C23)},
	Mrnumber = {1176088 (94f:58030)},
	Mrreviewer = {Nikolai K. Smolentsev},
	Number = {2},
	Pages = {671--694},
	Title = {Gromov's compactness theorem for pseudo holomorphic curves},
	Volume = {342},
	Year = {1994},
	Bdsk-Url-1 = {http://dx.doi.org/10.2307/2154647}}

@book{Gross_Tropical_2011,
	Author = {Gross, Mark},
	Date-Modified = {2014-04-06 10:00:51 +0000},
	Isbn = {978-0-8218-5232-3},
	Mrclass = {14T05 (14J32 14J33 52B20)},
	Mrnumber = {2722115 (2012e:14124)},
	Mrreviewer = {Hsian-Hua Tseng},
	Pages = {xvi+317},
	Publisher = {Published for the Conference Board of the Mathematical Sciences, Washington, DC; by the American Mathematical Society, Providence, RI},
	Series = {CBMS Regional Conference Series in Mathematics},
	Title = {Tropical geometry and mirror symmetry},
	Volume = {114},
	Year = {2011}}

@article{Gross_Mirror_Log_2011,
	Author = {Gross, Mark and Hacking, Paul and Keel, Sean},
	Journal = {arXiv preprint arXiv:1106.4977v1},
	Title = {Mirror symmetry for log {C}alabi-{Y}au surfaces {I}},
	Year = {2011}}
	
@article{Gross_Mirror_Log_2015,
	Author = {Gross, Mark and Hacking, Paul and Keel, Sean},
	Journal = {arXiv preprint arXiv:1106.4977v3},
	Title = {Mirror symmetry for log {C}alabi-{Y}au surfaces {I}},
	Year = {2015}}

@article{Gross_Mirror_Log_published,
year={2015},
issn={0073-8301},
journal={Publications mathématiques de l'IHÉS},
doi={10.1007/s10240-015-0073-1},
title={Mirror symmetry for log {C}alabi-{Y}au surfaces {I}},
url={http://dx.doi.org/10.1007/s10240-015-0073-1},
publisher={Springer Berlin Heidelberg},
author={Gross, Mark and Hacking, Paul and Keel, Sean},
pages={1-104},
language={English}
}
	
@unpublished{Gross_Mirror_Log_II,
	Author = {Gross, Mark and Hacking, Paul and Keel, Sean},
	note = {In progress},
	Title = {Mirror symmetry for log {C}alabi-{Y}au surfaces {II}},
	Year = {2015}}

@unpublished{Gross_Theta_functions_for_K3,
	Author = {Gross, Mark and Hacking, Paul and Keel, Sean and Siebert, Bernd},
	note = {In progress},
	Title = {Theta functions for {K}3 surface},
	Year = {2015}}
	
@article{Gross_Real_Affine_2011,
	Author = {Gross, Mark and Siebert, Bernd},
	Coden = {ANMAAH},
	Date-Modified = {2014-07-17 15:05:46 +0000},
	Fjournal = {Annals of Mathematics. Second Series},
	Issn = {0003-486X},
	Journal = {Ann. of Math. (2)},
	Mrclass = {53D37 (14J33 14T05)},
	Mrnumber = {2846484},
	Mrreviewer = {Siu-Cheong Lau},
	Number = {3},
	Pages = {1301--1428},
	Title = {From real affine geometry to complex geometry},
	Volume = {174},
	Year = {2011},
	Bdsk-Url-1 = {http://dx.doi.org/10.4007/annals.2011.174.3.1}}

@article{Pandharipande_13/2_2011,
	Author = {Pandharipande, Rahul and Thomas, RP},
	Date-Modified = {2014-04-06 09:18:21 +0000},
	Journal = {arXiv preprint arXiv:1111.1552},
	Title = {13/2 ways of counting curves},
	Year = {2011}}

@book{Itenberg_Tropical_2009,
	Author = {Itenberg, Ilia and Mikhalkin, Grigory and Shustin, Eugenii},
	Date-Modified = {2014-07-17 15:05:46 +0000},
	Edition = {Second},
	Isbn = {978-3-0346-0047-7},
	Mrclass = {14T05 (14M25 14N10 14N35)},
	Mrnumber = {2508011 (2010d:14086)},
	Pages = {x+104},
	Publisher = {Birkh\"auser Verlag, Basel},
	Series = {Oberwolfach Seminars},
	Title = {Tropical algebraic geometry},
	Volume = {35},
	Year = {2009},
	Bdsk-Url-1 = {http://dx.doi.org/10.1007/978-3-0346-0048-4}}

@article{Gathmann_Tropical_2006,
	Author = {Gathmann, Andreas},
	Coden = {JDMVA7},
	Date-Modified = {2014-04-06 09:59:54 +0000},
	Fjournal = {Jahresbericht der Deutschen Mathematiker-Vereinigung},
	Issn = {0012-0456},
	Journal = {Jahresber. Deutsch. Math.-Verein.},
	Mrclass = {14N10 (14A99 14P99)},
	Mrnumber = {2219706 (2007e:14088)},
	Mrreviewer = {Susan J. Colley},
	Number = {1},
	Pages = {3--32},
	Title = {Tropical algebraic geometry},
	Volume = {108},
	Year = {2006}}

@article{Abramovich_Tropicalization_2012,
AUTHOR = {Abramovich, Dan and Caporaso, Lucia and Payne, Sam},
TITLE = {The tropicalization of the moduli space of curves},
JOURNAL = {Ann. Sci. \'Ec. Norm. Sup\'er. (4)},
FJOURNAL = {Annales Scientifiques de l'\'Ecole Normale Sup\'erieure.
Quatri\`eme S\'erie},
VOLUME = {48},
YEAR = {2015},
NUMBER = {4},
PAGES = {765--809},
ISSN = {0012-9593},
MRCLASS = {14H10 (14D20 14T05)},
MRNUMBER = {3377065},
}

@article{Bieri_Geometry_1984,
	Author = {Bieri, Robert and Groves, J. R. J.},
	Coden = {JRMAA8},
	Date-Modified = {2014-04-06 09:58:25 +0000},
	Fjournal = {Journal f\"ur die Reine und Angewandte Mathematik},
	Issn = {0075-4102},
	Journal = {J. Reine Angew. Math.},
	Mrclass = {14A20 (12J20 13A18 52A25)},
	Mrnumber = {733052 (86c:14001)},
	Mrreviewer = {Ralph Strebel},
	Pages = {168--195},
	Title = {The geometry of the set of characters induced by valuations},
	Volume = {347},
	Year = {1984}}

@article{Conrad_Descent_2010,
	Author = {Conrad, Brian and Temkin, Michael},
	Date-Modified = {2014-04-06 09:44:15 +0000},
	Journal = {Preprint},
	Publisher = {Citeseer},
	Title = {Descent for non-archimedean analytic spaces},
	Year = {2010}}

@article{Fujiwara_Foundations_2013,
	Author = {Fujiwara, Kazuhiro and Kato, Fumiharu},
	Date-Modified = {2014-04-06 09:46:27 +0000},
	Journal = {arXiv preprint arXiv:1308.4734},
	Title = {Foundations of Rigid Geometry {I}},
	Year = {2013}}

@phdthesis{Martin_Constructibilite_2013,
	Author = {Martin, Florent},
	Date-Modified = {2014-04-06 09:43:43 +0000},
	Month = {October},
	School = {Universit\'e Pierre et Marie Curie},
	Title = {{Constructibilit\'e dans les espaces de Berkovich}},
	Year = {2013}}

@article{Lipshitz_Rigid_1993,
	Author = {Lipshitz, L.},
	Coden = {AJMAAN},
	Date-Modified = {2014-07-17 15:05:46 +0000},
	Fjournal = {American Journal of Mathematics},
	Issn = {0002-9327},
	Journal = {Amer. J. Math.},
	Mrclass = {32P05 (03C10 14P15 32B20)},
	Mrnumber = {1209235 (94d:32047)},
	Mrreviewer = {W. Bartenwerfer},
	Number = {1},
	Pages = {77--108},
	Title = {Rigid subanalytic sets},
	Volume = {115},
	Year = {1993},
	Bdsk-Url-1 = {http://dx.doi.org/10.2307/2374723}}

@incollection{Kontsevich_Homological_2001,
	Author = {Kontsevich, Maxim and Soibelman, Yan},
	Booktitle = {Symplectic geometry and mirror symmetry ({S}eoul, 2000)},
	Date-Modified = {2014-07-17 15:05:46 +0000},
	Mrclass = {32Q25 (14J32 14K05 18E30 32G05 53C38)},
	Mrnumber = {1882331 (2003c:32025)},
	Mrreviewer = {Bal{\'a}zs Szendr{\"o}i},
	Pages = {203--263},
	Publisher = {World Sci. Publ., River Edge, NJ},
	Title = {Homological mirror symmetry and torus fibrations},
	Year = {2001},
	Bdsk-Url-1 = {http://dx.doi.org/10.1142/9789812799821_0007}}

@article{Ducros_Image_2003,
	Author = {Ducros, Antoine},
	Coden = {BSMFAA},
	Date-Modified = {2014-04-06 09:49:57 +0000},
	Fjournal = {Bulletin de la Soci\'et\'e Math\'ematique de France},
	Issn = {0037-9484},
	Journal = {Bull. Soc. Math. France},
	Mrclass = {14G22},
	Mrnumber = {2044492 (2004m:14042)},
	Mrreviewer = {Elmar Grosse-Kl{\"o}nne},
	Number = {4},
	Pages = {483--506},
	Title = {Image r\'eciproque du squelette par un morphisme entre espaces de {B}erkovich de m\^eme dimension},
	Volume = {131},
	Year = {2003}}

@article{Haskell_Definable_2006,
	Author = {Haskell, Deirdre and Hrushovski, Ehud and Macpherson, Dugald},
	Coden = {JRMAA8},
	Date-Modified = {2014-07-17 15:05:46 +0000},
	Fjournal = {Journal f\"ur die Reine und Angewandte Mathematik. [Crelle's Journal]},
	Issn = {0075-4102},
	Journal = {J. Reine Angew. Math.},
	Mrclass = {03C60 (03C10 12J10)},
	Mrnumber = {2264318 (2007i:03040)},
	Mrreviewer = {Luc B{\'e}lair},
	Pages = {175--236},
	Title = {Definable sets in algebraically closed valued fields: elimination of imaginaries},
	Volume = {597},
	Year = {2006},
	Bdsk-Url-1 = {http://dx.doi.org/10.1515/CRELLE.2006.066}}

@article{Temkin_Local_2000,
	Author = {Temkin, M.},
	Coden = {MAANA},
	Date-Modified = {2014-07-17 15:05:46 +0000},
	Fjournal = {Mathematische Annalen},
	Issn = {0025-5831},
	Journal = {Math. Ann.},
	Mrclass = {14G22 (32P05)},
	Mrnumber = {1800770 (2001m:14037)},
	Mrreviewer = {Lorenzo Ramero},
	Number = {3},
	Pages = {585--607},
	Title = {On local properties of non-{A}rchimedean analytic spaces},
	Volume = {318},
	Year = {2000},
	Bdsk-Url-1 = {http://dx.doi.org/10.1007/s002080000123}}

@article{Olsson_Proper_2005,
	Author = {Olsson, Martin C.},
	Coden = {ADMTA4},
	Date-Modified = {2014-07-17 15:05:46 +0000},
	Fjournal = {Advances in Mathematics},
	Issn = {0001-8708},
	Journal = {Adv. Math.},
	Mrclass = {14A20},
	Mrnumber = {2183251 (2006h:14003)},
	Mrreviewer = {Charles D. Cadman},
	Number = {1},
	Pages = {93--106},
	Title = {On proper coverings of {A}rtin stacks},
	Volume = {198},
	Year = {2005},
	Bdsk-Url-1 = {http://dx.doi.org/10.1016/j.aim.2004.08.017}}

@book{Kempf_Toroidal_1973,
	Address = {Berlin},
	Author = {Kempf, G. and Knudsen, Finn Faye and Mumford, D. and Saint-Donat, B.},
	Date-Modified = {2014-04-06 09:59:47 +0000},
	Mrclass = {14E15 (14D20 14E05 14M20 20G15)},
	Mrnumber = {0335518 (49 \#299)},
	Mrreviewer = {G. Harder},
	Pages = {viii+209},
	Publisher = {Springer-Verlag},
	Series = {Lecture Notes in Mathematics, Vol. 339},
	Title = {Toroidal embeddings. {I}},
	Year = {1973}}

@book{Mumford_Geometric_1994,
	Address = {Berlin},
	Author = {Mumford, D. and Fogarty, J. and Kirwan, F.},
	Date-Modified = {2014-07-17 15:05:46 +0000},
	Edition = {Third},
	Isbn = {3-540-56963-4},
	Mrclass = {14D25 (58E05 58F05)},
	Mrnumber = {1304906 (95m:14012)},
	Mrreviewer = {Yi Hu},
	Pages = {xiv+292},
	Publisher = {Springer-Verlag},
	Series = {Ergebnisse der Mathematik und ihrer Grenzgebiete (2) [Results in Mathematics and Related Areas (2)]},
	Title = {Geometric invariant theory},
	Volume = {34},
	Year = {1994},
	Bdsk-Url-1 = {http://dx.doi.org/10.1007/978-3-642-57916-5}}

@incollection{Abramovich_Alterations_2000,
	Address = {Basel},
	Author = {Abramovich, Dan and Oort, Frans},
	Booktitle = {Resolution of singularities ({O}bergurgl, 1997)},
	Date-Modified = {2014-07-17 15:05:46 +0000},
	Mrclass = {14E15 (14B05 14H10)},
	Mrnumber = {1748617 (2001h:14009)},
	Mrreviewer = {Angel Granja},
	Pages = {39--108},
	Publisher = {Birkh\"auser},
	Series = {Progr. Math.},
	Title = {Alterations and resolution of singularities},
	Volume = {181},
	Year = {2000},
	Bdsk-Url-1 = {http://dx.doi.org/10.1007/978-3-0348-8399-3_3}}

@article{Raynaud_Platitude_1971,
	Author = {Raynaud, Michel and Gruson, Laurent},
	Date-Modified = {2014-04-06 09:43:53 +0000},
	Fjournal = {Inventiones Mathematicae},
	Issn = {0020-9910},
	Journal = {Invent. Math.},
	Mrclass = {14A15 (13C10)},
	Mrnumber = {0308104 (46 \#7219)},
	Mrreviewer = {M. Maruyama},
	Pages = {1--89},
	Title = {Crit\`eres de platitude et de projectivit\'e. {T}echniques de ``platification'' d'un module},
	Volume = {13},
	Year = {1971}}

@article{de_Jong_Smoothness_1996,
	Author = {de Jong, A. J.},
	Coden = {PMIHA6},
	Date-Modified = {2014-07-17 15:05:46 +0000},
	Fjournal = {Institut des Hautes \'Etudes Scientifiques. Publications Math\'ematiques},
	Issn = {0073-8301},
	Journal = {Inst. Hautes \'Etudes Sci. Publ. Math.},
	Mrclass = {14E15 (14B05 14H10)},
	Mrnumber = {1423020 (98e:14011)},
	Mrreviewer = {Marko Roczen},
	Number = {83},
	Pages = {51--93},
	Title = {Smoothness, semi-stability and alterations},
	Year = {1996},
	Bdsk-Url-1 = {http://www.numdam.org/item?id=PMIHES_1996__83__51_0}}

@article{de_Jong_Families_1997,
	Author = {de Jong, A. Johan},
	Coden = {AIFUA7},
	Date-Modified = {2014-07-17 15:05:46 +0000},
	Fjournal = {Universit\'e de Grenoble. Annales de l'Institut Fourier},
	Issn = {0373-0956},
	Journal = {Ann. Inst. Fourier (Grenoble)},
	Mrclass = {14H10 (14E15 14L30)},
	Mrnumber = {1450427 (98f:14019)},
	Mrreviewer = {D.-M. Popescu},
	Number = {2},
	Pages = {599--621},
	Title = {Families of curves and alterations},
	Volume = {47},
	Year = {1997},
	Bdsk-Url-1 = {http://www.numdam.org/item?id=AIF_1997__47_2_599_0}}

@book{Illusie_Complexe_1971,
	Address = {Berlin},
	Author = {Illusie, Luc},
	Date-Modified = {2014-04-06 09:42:54 +0000},
	Mrclass = {14B10 (14D15 14F20 55D20)},
	Mrnumber = {0491680 (58 \#10886a)},
	Mrreviewer = {Larry Breen},
	Pages = {xv+355},
	Publisher = {Springer-Verlag},
	Series = {Lecture Notes in Mathematics, Vol. 239, Vol. 283},
	Title = {Complexe cotangent et d\'eformations. {I, II}},
	Year = {1971,1972}}

@article{Kopf_Eigentliche_1974,
	Author = {K{\"o}pf, Ursula},
	Date-Modified = {2014-04-06 10:01:26 +0000},
	Fjournal = {Schriftenreihe des Mathematischen Instituts der Universit\"at M\"unster. 2. Serie},
	Issn = {0077-1961},
	Journal = {Schr. Math. Inst. Univ. M\"unster (2)},
	Mrclass = {32C35 (14D05 14F15 32K10)},
	Mrnumber = {0422671 (54 \#10657)},
	Mrreviewer = {C. Banica},
	Number = {Heft 7},
	Pages = {iv+72},
	Title = {\"{U}ber eigentliche {F}amilien algebraischer {V}ariet\"aten \"uber affinoiden {R}\"aumen},
	Year = {1974}}

@article{Conrad_Relative_2006,
	Author = {Conrad, Brian},
	Coden = {AIFUA7},
	Date-Modified = {2014-07-17 15:05:46 +0000},
	Fjournal = {Universit\'e de Grenoble. Annales de l'Institut Fourier},
	Issn = {0373-0956},
	Journal = {Ann. Inst. Fourier (Grenoble)},
	Mrclass = {14G22 (14D15)},
	Mrnumber = {2266885 (2007h:14029)},
	Mrreviewer = {Alessandra Bertapelle},
	Number = {4},
	Pages = {1049--1126},
	Title = {Relative ampleness in rigid geometry},
	Volume = {56},
	Year = {2006},
	Bdsk-Url-1 = {http://aif.cedram.org/item?id=AIF_2006__56_4_1049_0}}

@article{Abramovich_Compactifying_2002,
	Author = {Abramovich, Dan and Vistoli, Angelo},
	Date-Modified = {2014-07-17 15:05:46 +0000},
	Fjournal = {Journal of the American Mathematical Society},
	Issn = {0894-0347},
	Journal = {J. Amer. Math. Soc.},
	Mrclass = {14H10 (14A20 14D20 14N35)},
	Mrnumber = {1862797 (2002i:14030)},
	Mrreviewer = {Tyler J. Jarvis},
	Number = {1},
	Pages = {27--75 (electronic)},
	Title = {Compactifying the space of stable maps},
	Volume = {15},
	Year = {2002},
	Bdsk-Url-1 = {http://dx.doi.org/10.1090/S0894-0347-01-00380-0}}

@incollection{Fulton_Stable_1997,
	Address = {Providence, RI},
	Author = {Fulton, W. and Pandharipande, R.},
	Booktitle = {Algebraic geometry---{S}anta {C}ruz 1995},
	Date-Modified = {2014-04-06 09:52:47 +0000},
	Mrclass = {14H10 (14E99 14N10)},
	Mrnumber = {1492534 (98m:14025)},
	Mrreviewer = {Alexandre I. Kabanov},
	Pages = {45--96},
	Publisher = {Amer. Math. Soc.},
	Series = {Proc. Sympos. Pure Math.},
	Title = {Notes on stable maps and quantum cohomology},
	Volume = {62},
	Year = {1997}}

@article{Behrend_Stacks_GW_1996,
	Author = {Behrend, K. and Manin, Yu.},
	Coden = {DUMJAO},
	Date-Modified = {2014-07-17 15:05:46 +0000},
	Fjournal = {Duke Mathematical Journal},
	Issn = {0012-7094},
	Journal = {Duke Math. J.},
	Mrclass = {14D20 (14C25 14D22)},
	Mrnumber = {1412436 (98i:14014)},
	Mrreviewer = {Barbara Fantechi},
	Number = {1},
	Pages = {1--60},
	Title = {Stacks of stable maps and {G}romov-{W}itten invariants},
	Volume = {85},
	Year = {1996},
	Bdsk-Url-1 = {http://dx.doi.org/10.1215/S0012-7094-96-08501-4}}

@misc{stacks-project,
	Author = {The {Stacks Project Authors}},
	Howpublished = {\url{http://stacks.math.columbia.edu}},
	Shorthand = {Stacks},
	Title = {{Stacks Project}},
	Year = {2013}}

@article{Gromov_Pseudoholomorphic_1985,
	Author = {Gromov, M.},
	Coden = {INVMBH},
	Date-Modified = {2014-07-17 15:05:46 +0000},
	Fjournal = {Inventiones Mathematicae},
	Issn = {0020-9910},
	Journal = {Invent. Math.},
	Mrclass = {53C15 (32F25 53C57 57R15)},
	Mrnumber = {809718 (87j:53053)},
	Mrreviewer = {Yakov Eliashberg},
	Number = {2},
	Pages = {307--347},
	Title = {Pseudoholomorphic curves in symplectic manifolds},
	Volume = {82},
	Year = {1985},
	Bdsk-Url-1 = {http://dx.doi.org/10.1007/BF01388806}}

@incollection{Pansu_Compactness_1994,
	Address = {Basel},
	Author = {Pansu, Pierre},
	Booktitle = {Holomorphic curves in symplectic geometry},
	Date-Modified = {2014-04-06 09:42:34 +0000},
	Mrclass = {58D27 (53C15)},
	Mrnumber = {1274932},
	Pages = {233--249},
	Publisher = {Birkh\"auser},
	Series = {Progr. Math.},
	Title = {Compactness},
	Volume = {117},
	Year = {1994}}

@incollection{Kontsevich_Affine_2006,
	Address = {Boston, MA},
	Author = {Kontsevich, Maxim and Soibelman, Yan},
	Booktitle = {The unity of mathematics},
	Date-Modified = {2014-07-17 15:05:46 +0000},
	Mrclass = {14J32 (14G22 32Q25)},
	Mrnumber = {2181810 (2006j:14054)},
	Mrreviewer = {Mark Gross},
	Pages = {321--385},
	Publisher = {Birkh\"auser Boston},
	Series = {Progr. Math.},
	Title = {Affine structures and non-{A}rchimedean analytic spaces},
	Volume = {244},
	Year = {2006},
	Bdsk-Url-1 = {http://dx.doi.org/10.1007/0-8176-4467-9_9}}

@incollection{Berkovich_Smooth_II_2004,
	Author = {Berkovich, Vladimir G.},
	Booktitle = {Geometric aspects of {D}work theory. {V}ol. {I}, {II}},
	Date-Modified = {2014-04-06 09:55:12 +0000},
	Mrclass = {14G22 (32P05)},
	Mrnumber = {2023293 (2005h:14057)},
	Mrreviewer = {Lorenzo Ramero},
	Pages = {293--370},
	Publisher = {Walter de Gruyter GmbH \& Co. KG, Berlin},
	Title = {Smooth {$p$}-adic analytic spaces are locally contractible. {II}},
	Year = {2004}}


@incollection{Kontsevich_Wall-crossing_2014,
  title={Wall-crossing structures in Donaldson--Thomas invariants, integrable systems and mirror symmetry},
  author={Kontsevich, Maxim and Soibelman, Yan},
  booktitle={Homological Mirror Symmetry and Tropical Geometry},
  pages={197--308},
  year={2014},
  publisher={Springer}
}

@article{Kontsevich_Stability_2008,
  title={Stability structures, motivic Donaldson-Thomas invariants and cluster transformations},
  author={Kontsevich, Maxim and Soibelman, Yan},
  journal={arXiv preprint arXiv:0811.2435},
  year={2008}
}

@incollection {Kontsevich_Motivic_DT_summary_2010,
    AUTHOR = {Kontsevich, Maxim and Soibelman, Yan},
     TITLE = {Motivic {D}onaldson-{T}homas invariants: summary of results},
 BOOKTITLE = {Mirror symmetry and tropical geometry},
    SERIES = {Contemp. Math.},
    VOLUME = {527},
     PAGES = {55--89},
 PUBLISHER = {Amer. Math. Soc., Providence, RI},
      YEAR = {2010},
   MRCLASS = {14N35 (14C15 14F05 14J32 18E30)},
  MRNUMBER = {2681792 (2011k:14066)},
MRREVIEWER = {Bal{\'a}zs Szendr{\H{o}}i},
       DOI = {10.1090/conm/527/10400},
       URL = {http://dx.doi.org/10.1090/conm/527/10400},
}

@article {Kontsevich_Cohomological_Hall_2011,
    AUTHOR = {Kontsevich, Maxim and Soibelman, Yan},
     TITLE = {Cohomological {H}all algebra, exponential {H}odge structures
              and motivic {D}onaldson-{T}homas invariants},
   JOURNAL = {Commun. Number Theory Phys.},
  FJOURNAL = {Communications in Number Theory and Physics},
    VOLUME = {5},
      YEAR = {2011},
    NUMBER = {2},
     PAGES = {231--352},
      ISSN = {1931-4523},
   MRCLASS = {14N35 (14F43 16G20)},
  MRNUMBER = {2851153 (2012k:14079)},
MRREVIEWER = {Mark Gross},
       DOI = {10.4310/CNTP.2011.v5.n2.a1},
       URL = {http://dx.doi.org/10.4310/CNTP.2011.v5.n2.a1},
}

@incollection{Kontsevich_Enumeration_1995,
	Address = {Boston, MA},
	Author = {Kontsevich, Maxim},
	Booktitle = {The moduli space of curves ({T}exel {I}sland, 1994)},
	Date-Modified = {2014-04-06 09:44:39 +0000},
	Mrclass = {14N10 (14D22 14L30)},
	Mrnumber = {1363062 (97d:14077)},
	Mrreviewer = {Anatoly Libgober},
	Pages = {335--368},
	Publisher = {Birkh\"auser Boston},
	Series = {Progr. Math.},
	Title = {Enumeration of rational curves via torus actions},
	Volume = {129},
	Year = {1995}}


@incollection {Conrad_Several_approaches_2008,
    AUTHOR = {Conrad, Brian},
     TITLE = {Several approaches to non-{A}rchimedean geometry},
 BOOKTITLE = {{$p$}-adic geometry},
    SERIES = {Univ. Lecture Ser.},
    VOLUME = {45},
     PAGES = {9--63},
 PUBLISHER = {Amer. Math. Soc., Providence, RI},
      YEAR = {2008},
   MRCLASS = {14G22},
  MRNUMBER = {2482345 (2011a:14047)},
MRREVIEWER = {Marco A. Garuti},
       DOI = {10.1090/ulect/045/02},
       URL = {http://dx.doi.org/10.1090/ulect/045/02},
}

@article{Conrad_Non-archimedean_analytification_2009,
	Author = {Conrad, Brian and Temkin, Michael},
	Date-Modified = {2014-07-17 15:05:46 +0000},
	Fjournal = {Journal of Algebraic Geometry},
	Issn = {1056-3911},
	Journal = {J. Algebraic Geom.},
	Mrclass = {14G22 (14A20 32P05)},
	Mrnumber = {2524597 (2010j:14042)},
	Mrreviewer = {Alessandra Bertapelle},
	Number = {4},
	Pages = {731--788},
	Title = {Non-{A}rchimedean analytification of algebraic spaces},
	Volume = {18},
	Year = {2009},
	Bdsk-Url-1 = {http://dx.doi.org/10.1090/S1056-3911-09-00497-4}}

@incollection{Raynaud_Geometrie_analytique_rigide_1974,
	Address = {Paris},
	Author = {Raynaud, Michel},
	Booktitle = {Table {R}onde d'{A}nalyse non archim\'edienne ({P}aris, 1972)},
	Date-Modified = {2014-04-06 09:47:52 +0000},
	Mrclass = {32K10 (14G20)},
	Mrnumber = {0470254 (57 \#10012)},
	Mrreviewer = {J. S. Joel},
	Pages = {319--327. Bull. Soc. Math. France, M\'em. No. 39--40},
	Publisher = {Soc. Math. France},
	Title = {G\'eom\'etrie analytique rigide d'apr\`es {T}ate, {K}iehl,{$\cdots $}},
	Year = {1974}}

@article{Artin_Versal_1974,
	Author = {Artin, M.},
	Date-Modified = {2014-04-06 10:02:31 +0000},
	Fjournal = {Inventiones Mathematicae},
	Issn = {0020-9910},
	Journal = {Invent. Math.},
	Mrclass = {14D15 (14B05)},
	Mrnumber = {0399094 (53 \#2945)},
	Mrreviewer = {Michael Schlessinger},
	Pages = {165--189},
	Title = {Versal deformations and algebraic stacks},
	Volume = {27},
	Year = {1974}}

@book{Giraud_Cohomologie_1971,
	Address = {Berlin},
	Author = {Giraud, Jean},
	Date-Modified = {2014-04-06 09:42:08 +0000},
	Mrclass = {14F20 (14L99 18D30 18F20 55B99 55F65)},
	Mrnumber = {0344253 (49 \#8992)},
	Mrreviewer = {R. T. Hoobler},
	Note = {Die Grundlehren der mathematischen Wissenschaften, Band 179},
	Pages = {ix+467},
	Publisher = {Springer-Verlag},
	Title = {Cohomologie non ab\'elienne},
	Year = {1971}}

@article{Deligne_Irreducibility_1969,
	Author = {Deligne, P. and Mumford, D.},
	Date-Modified = {2014-04-06 09:58:46 +0000},
	Fjournal = {Institut des Hautes \'Etudes Scientifiques. Publications Math\'ematiques},
	Issn = {0073-8301},
	Journal = {Inst. Hautes \'Etudes Sci. Publ. Math.},
	Mrclass = {14.20},
	Mrnumber = {0262240 (41 \#6850)},
	Mrreviewer = {Manfred Herrmann},
	Number = {36},
	Pages = {75--109},
	Title = {The irreducibility of the space of curves of given genus},
	Year = {1969}}

@article{EGA1,
	Author = {Grothendieck, A.},
	Fjournal = {Institut des Hautes \'Etudes Scientifiques. Publications Math\'ematiques},
	Issn = {0073-8301},
	Journal = {Inst. Hautes \'Etudes Sci. Publ. Math.},
	Mrclass = {14.55},
	Mrnumber = {0217083 (36 \#177a)},
	Number = {4},
	Pages = {228},
	Title = {\'{E}l\'ements de g\'eom\'etrie alg\'ebrique. {I}. {L}e langage des sch\'emas},
	Year = {1960}}

@article{EGA3-1,
	Author = {Grothendieck, A.},
	Fjournal = {Institut des Hautes \'Etudes Scientifiques. Publications Math\'ematiques},
	Issn = {0073-8301},
	Journal = {Inst. Hautes \'Etudes Sci. Publ. Math.},
	Mrclass = {14.55},
	Mrnumber = {0217085 (36 \#177c)},
	Number = {11},
	Pages = {167},
	Title = {\'{E}l\'ements de g\'eom\'etrie alg\'ebrique. {III}. \'{E}tude cohomologique des faisceaux coh\'erents. {I}},
	Year = {1961}}

@article{Schlessinger_Functors_1968,
	Author = {Schlessinger, Michael},
	Date-Modified = {2014-04-06 09:47:08 +0000},
	Fjournal = {Transactions of the American Mathematical Society},
	Issn = {0002-9947},
	Journal = {Trans. Amer. Math. Soc.},
	Mrclass = {14.55},
	Mrnumber = {0217093 (36 \#184)},
	Mrreviewer = {M. Miyanishi},
	Pages = {208--222},
	Title = {Functors of {A}rtin rings},
	Volume = {130},
	Year = {1968}}

@article{Lutkebohmert_Formal_1990,
	Author = {L{\"u}tkebohmert, Werner},
	Coden = {MAANA},
	Date-Modified = {2014-07-17 15:05:46 +0000},
	Fjournal = {Mathematische Annalen},
	Issn = {0025-5831},
	Journal = {Math. Ann.},
	Mrclass = {14G20 (32G05 32K10)},
	Mrnumber = {1032938 (90m:14015)},
	Mrreviewer = {Qing Liu},
	Number = {1-3},
	Pages = {341--371},
	Title = {Formal-algebraic and rigid-analytic geometry},
	Volume = {286},
	Year = {1990},
	Bdsk-Url-1 = {http://dx.doi.org/10.1007/BF01453580}}

@incollection{Grothendieck_Techniques_1995,
	Address = {Paris},
	Author = {Grothendieck, Alexander},
	Booktitle = {S\'eminaire {B}ourbaki, {V}ol.\ 6},
	Date-Modified = {2014-04-06 09:57:57 +0000},
	Mrclass = {14C05},
	Mrnumber = {1611822},
	Pages = {Exp.\ No.\ 221, 249--276},
	Publisher = {Soc. Math. France},
	Title = {Techniques de construction et th\'eor\`emes d'existence en g\'eom\'etrie alg\'ebrique. {IV}. {L}es sch\'emas de {H}ilbert},
	Year = {1995}}

@article{Huber_Generalization_1994,
	Author = {Huber, R.},
	Coden = {MAZEAX},
	Date-Modified = {2014-07-17 15:05:46 +0000},
	Fjournal = {Mathematische Zeitschrift},
	Issn = {0025-5874},
	Journal = {Math. Z.},
	Mrclass = {14A20 (13A18 14L15 32P05)},
	Mrnumber = {1306024 (95k:14001)},
	Mrreviewer = {W. Bartenwerfer},
	Number = {4},
	Pages = {513--551},
	Title = {A generalization of formal schemes and rigid analytic varieties},
	Volume = {217},
	Year = {1994},
	Bdsk-Url-1 = {http://dx.doi.org/10.1007/BF02571959}}

@article{Denef_Ultraproducts_1980,
	Author = {Denef, J. and Lipshitz, L.},
	Coden = {MAANA3},
	Date-Modified = {2014-07-17 15:05:46 +0000},
	Fjournal = {Mathematische Annalen},
	Issn = {0025-5831},
	Journal = {Math. Ann.},
	Mrclass = {13J10 (03C60 14B12)},
	Mrnumber = {594530 (82g:13021)},
	Mrreviewer = {D.-M. Popescu},
	Number = {1},
	Pages = {1--28},
	Title = {Ultraproducts and approximation in local rings. {II}},
	Volume = {253},
	Year = {1980},
	Bdsk-Url-1 = {http://dx.doi.org/10.1007/BF01457817}}

@incollection{Artin_Algebraization_I_1969,
	Address = {Tokyo},
	Author = {Artin, M.},
	Booktitle = {Global {A}nalysis ({P}apers in {H}onor of {K}. {K}odaira)},
	Date-Modified = {2014-04-06 09:40:26 +0000},
	Mrclass = {14.05},
	Mrnumber = {0260746 (41 \#5369)},
	Mrreviewer = {H. Kurke},
	Pages = {21--71},
	Publisher = {Univ. Tokyo Press},
	Title = {Algebraization of formal moduli. {I}},
	Year = {1969}}

@article{Artin_Algebraization_II_1970,
	Author = {Artin, M.},
	Date-Modified = {2014-04-06 09:40:56 +0000},
	Fjournal = {Annals of Mathematics. Second Series},
	Issn = {0003-486X},
	Journal = {Ann. of Math. (2)},
	Mrclass = {14.00},
	Mrnumber = {0260747 (41 \#5370)},
	Mrreviewer = {H. Kurke},
	Pages = {88--135},
	Title = {Algebraization of formal moduli. {II}. {E}xistence of modifications},
	Volume = {91},
	Year = {1970}}

@article{Artin_Solutions_1968,
	Author = {Artin, M.},
	Date-Modified = {2014-04-06 09:54:06 +0000},
	Fjournal = {Inventiones Mathematicae},
	Issn = {0020-9910},
	Journal = {Invent. Math.},
	Mrclass = {32.47},
	Mrnumber = {0232018 (38 \#344)},
	Mrreviewer = {Joseph Lipman},
	Pages = {277--291},
	Title = {On the solutions of analytic equations},
	Volume = {5},
	Year = {1968}}

@article{Artin_Algebraic_Approximation_1969,
	Author = {Artin, M.},
	Date-Modified = {2014-04-06 09:40:41 +0000},
	Fjournal = {Institut des Hautes \'Etudes Scientifiques. Publications Math\'ematiques},
	Issn = {0073-8301},
	Journal = {Inst. Hautes \'Etudes Sci. Publ. Math.},
	Mrclass = {14.05},
	Mrnumber = {0268188 (42 \#3087)},
	Mrreviewer = {H. Kurke},
	Number = {36},
	Pages = {23--58},
	Title = {Algebraic approximation of structures over complete local rings},
	Year = {1969}}

@incollection{Artin_Implicit_1969,
	Address = {London},
	Author = {Artin, M.},
	Booktitle = {Algebraic {G}eometry ({I}nternat. {C}olloq., {T}ata {I}nst. {F}und. {R}es., {B}ombay, 1968)},
	Date-Modified = {2014-04-06 09:58:34 +0000},
	Mrclass = {14.05},
	Mrnumber = {0262237 (41 \#6847)},
	Mrreviewer = {H. Kurke},
	Pages = {13--34},
	Publisher = {Oxford Univ. Press},
	Title = {The implicit function theorem in algebraic geometry},
	Year = {1969}}

@book{SGA1,
	Author = {Grothendieck, Alexander},
	Mrclass = {14.55},
	Mrnumber = {0217088 (36 \#179b)},
	Mrreviewer = {T. Oda},
	Pages = {i+163 pp. (not consecutively paged) (loose errata)},
	Publisher = {Institut des Hautes \'Etudes Scientifiques, Paris},
	Series = {S\'eminaire de G\'eom\'etrie Alg\'ebrique},
	Title = {Rev\^etements \'etales et groupe fondamental. {F}asc. {II}: {E}xpos\'es 6, 8 \`a 11},
	Volume = {1960/61},
	Year = {1963}}

@article{EGA4-3,
	Author = {Grothendieck, A.},
	Fjournal = {Institut des Hautes \'Etudes Scientifiques. Publications Math\'ematiques},
	Issn = {0073-8301},
	Journal = {Inst. Hautes \'Etudes Sci. Publ. Math.},
	Mrclass = {14.55},
	Mrnumber = {0217086 (36 \#178)},
	Mrreviewer = {J. P. Murre},
	Number = {28},
	Pages = {255},
	Title = {\'{E}l\'ements de g\'eom\'etrie alg\'ebrique. {IV}. \'{E}tude locale des sch\'emas et des morphismes de sch\'emas. {III}},
	Year = {1966}}
	

@incollection{Mikhalkin_Tropical_ICM_2006,
	Author = {Mikhalkin, Grigory},
	Booktitle = {International {C}ongress of {M}athematicians. {V}ol. {II}},
	Date-Modified = {2014-04-06 10:00:34 +0000},
	Mrclass = {14P99 (14N10 14N35 52B20)},
	Mrnumber = {2275625 (2008c:14077)},
	Mrreviewer = {Jean-Yves Welschinger},
	Pages = {827--852},
	Publisher = {Eur. Math. Soc., Z\"urich},
	Title = {Tropical geometry and its applications},
	Year = {2006}}

@article{Berkovich_Etale_1993,
	Author = {Berkovich, Vladimir G.},
	Coden = {PMIHA6},
	Date-Modified = {2014-07-17 15:05:47 +0000},
	Fjournal = {Institut des Hautes \'Etudes Scientifiques. Publications Math\'ematiques},
	Issn = {0073-8301},
	Journal = {Inst. Hautes \'Etudes Sci. Publ. Math.},
	Mrclass = {14F20 (14F30 32C37 32P05)},
	Mrnumber = {1259429 (95c:14017)},
	Mrreviewer = {W. Bartenwerfer},
	Number = {78},
	Pages = {5--161 (1994)},
	Title = {\'{E}tale cohomology for non-{A}rchimedean analytic spaces},
	Year = {1993},
	Bdsk-Url-1 = {http://www.numdam.org/item?id=PMIHES_1993__78__5_0}}

@unpublished{Ducros_Structure_2012,
	Author = {Antoine Ducros},
	Date-Modified = {2014-04-06 09:50:13 +0000},
	Note = {En cours de r\'edaction, date du 15/11/2012},
	Owner = {YU Yue},
	Timestamp = {2013.03.21},
	Title = {La structure des courbes analytiques}}
	
	
@unpublished{Groth,
	Author = {Moritz Groth},
	Note = {Preprint},
	Title = {A Short Course on $\infty$-categories},
	year = {2010}}
		

@unpublished{Martin_Tameness_2015,
	Author = {Florent Martin},
	Note = {Preprint},
	Title = {Tameness for connected components of some subsets of {B}erkovich spaces},
	year = {2015}}
	
@article{Nishinou_Counting_2011,
  title={Counting curves via degeneration},
  author={Nishinou, Takeo},
  journal={arXiv preprint arXiv:1108.2802},
  year={2011}
}

@incollection{Illusie_Semistable_2004,
	Author = {Illusie, Luc},
	Booktitle = {Geometric aspects of {D}work theory. {V}ol. {I}, {II}},
	Date-Modified = {2014-04-06 09:53:53 +0000},
	Mrclass = {14F20 (14F30)},
	Mrnumber = {2099086 (2005i:14022)},
	Mrreviewer = {Michel Gros},
	Pages = {785--803},
	Publisher = {Walter de Gruyter, Berlin},
	Title = {On semistable reduction and the calculation of nearby cycles},
	Year = {2004}}

@incollection{Abramovich_Stable_2001,
	Address = {Providence, RI},
	Author = {Abramovich, Dan and Oort, Frans},
	Booktitle = {Advances in algebraic geometry motivated by physics ({L}owell, {MA}, 2000)},
	Date-Modified = {2014-07-17 15:05:47 +0000},
	Mrclass = {14H10 (14A20)},
	Mrnumber = {1837111 (2002e:14039)},
	Mrreviewer = {Marian Aprodu},
	Pages = {89--100},
	Publisher = {Amer. Math. Soc.},
	Series = {Contemp. Math.},
	Title = {Stable maps and {H}urwitz schemes in mixed characteristics},
	Volume = {276},
	Year = {2001},
	Bdsk-Url-1 = {http://dx.doi.org/10.1090/conm/276/04513}}

@article{Boucksom_Singular_2011,
	Author = {Boucksom, S{\'e}bastien and Favre, Charles and Jonsson, Mattias},
	Date-Modified = {2014-04-06 09:54:49 +0000},
	Journal = {arXiv preprint arXiv:1201.0187},
	Title = {Singular semipositive metrics in non-archimedean geometry},
	Year = {2011}}

@article{Bosch_Stable_1985,
	Author = {Bosch, Siegfried and L{\"u}tkebohmert, Werner},
	Date-Modified = {2014-04-06 09:56:27 +0000},
	Journal = {Mathematische Annalen},
	Number = {3},
	Pages = {349--379},
	Publisher = {Springer},
	Title = {Stable reduction and uniformization of abelian varieties {I}},
	Volume = {270},
	Year = {1985}}
	
@article{Yu_Balancing_2013,
	Author = {Yu, Tony Yue},
	Journal = {Annales de l'Institut Fourier},
	Title = {Balancing conditions in global tropical geometry},
	Volume = {65},
	Number = {4},
	Pages = {1647-1667},
	Year = {2015},
}
	

@article {Yu_Number_2013,
    AUTHOR = {Yu, Tony Yue},
     TITLE = {The number of vertices of a tropical curve is bounded by its
              area},
   JOURNAL = {Enseign. Math.},
  FJOURNAL = {L'Enseignement Math\'ematique},
    VOLUME = {60},
      YEAR = {2014},
    NUMBER = {3-4},
     PAGES = {257--271},
      ISSN = {0013-8584},
   MRCLASS = {Preliminary Data},
  MRNUMBER = {3342646},
       DOI = {10.4171/LEM/60-3/4-3},
       NOTE = {DOI 10.4171/LEM/2014-3/4-3},
       URL = {http://dx.doi.org/10.4171/LEM/60-3/4-3},
}


@article{Yu_Enumeration_cylinders_2015,
  title={Enumeration of holomorphic cylinders in log {C}alabi-{Y}au surfaces. {I}},
  author={Yu, Tony Yue},
  journal={arXiv preprint arXiv:1504.01722},
  note = {To appear in \emph{Mathematische Annalen}},
  year={2015}
}

@unpublished{Yu_Memoir_M2_2012,
	Author = {Yu, Tony Yue},
	note = {Memoir M2 at École normale supérieure},
	Title = {Wall-crossing structures in mirror symmetry and cluster algebra},
	year = {2012}}
	
@unpublished{Yu_Product_formula_2015,
	Author = {Yu, Tony Yue},
	note = {In preparation},
	Title = {The product formula for the enumeration of tubes},
	year = {2015}}
	
@unpublished{Nishinou_Yu_Realization_2015,
	Author = {Nishinou, Takeo and Yu, Tony Yue},
	note = {In preparation},
	Title = {Realization of tropical curves in abelian surfaces},
	year = {2015}}

@article{Yu_Gromov_2014_old,
	Author = {Yu, Tony Yue},
	Date-Modified = {2014-04-06 09:49:01 +0000},
	Journal = {arXiv preprint arXiv:1401.6452v1},
	Title = {Gromov compactness in tropical geometry and in non-archimedean analytic geometry},
	Year = {2014}}

@article{Yu_Tropicalization_2014,
	Author = {Yu, Tony Yue},
	Journal = {Mathematische Zeitschrift},
	Title = {Tropicalization of the moduli space of stable maps},
	VOLUME = {281},
	Number = {3},
	pages = {1035-1059},
	DOI = {10.1007/s00209-015-1519-3},
	Year = {2015}}
	
@article{Yu_Gromov_2014,
	Author = {Yu, Tony Yue},
	Date-Modified = {2014-04-06 09:49:01 +0000},
	Journal = {arXiv preprint arXiv:1401.6452},
	Title = {Gromov compactness in non-archimedean analytic geometry},
	note = {To appear in \emph{Journal f\"ur die reine und angewandte Mathematik (Crelle)}},
	Year = {2014}}

@article{Porta_Yu_Higher_analytic_stacks_2014,
	Author = {Porta, Mauro and Yu, Tony Yue},
	Journal = {arXiv preprint arXiv:1412.5166},
	Title = {Higher analytic stacks and {GAGA} theorems},
	Year = {2014}}

@article{Porta_Yu_DNAnG_I,
	Author = {Porta, Mauro and Yu, Tony Yue},
	Title = {Derived non-archimedean analytic spaces},
	note = {In preparation},
	Year = {2014}}

@book {FGAex,
    AUTHOR = {Fantechi, Barbara and G{\"o}ttsche, Lothar and Illusie, Luc
              and Kleiman, Steven L. and Nitsure, Nitin and Vistoli, Angelo},
     TITLE = {Fundamental algebraic geometry},
    SERIES = {Mathematical Surveys and Monographs},
    VOLUME = {123},
      NOTE = {Grothendieck's FGA explained},
 PUBLISHER = {American Mathematical Society},
   ADDRESS = {Providence, RI},
      YEAR = {2005},
     PAGES = {x+339},
      ISBN = {0-8218-3541-6},
   MRCLASS = {14-06},
  MRNUMBER = {MR2222646},
}